2994 4684
282 415 347 460 112
651 385 717 454 DE
741 385 960 454 HORAT-ll·

278 541 301 590 t.
314 529 341 604 1,
354 547 388 612 p.
402 521 479 610 lli,
490 521 541 582 12.
557 519 722 586 Morellt'ur
733 533 855 601 tamen,
865 522 916 587 vir
928 523 976 586 rei
992 520 1317 610 intelligentissimus,

30 669 32 676 ¹
146 707 149 712 ,
276 635 311 699 in
321 631 516 696 Bibliotheca
526 631 670 720 Maploei
679 631 824 710 Priullii,
841 645 865 696 t.
881 635 922 709 ll,
937 655 970 722 p.
988 633 1064 713 324,
1083 655 1169 720 aegre
1184 657 1221 699 ac
1237 635 1319 700 diffi-

277 739 383 806 culter
401 738 436 802 in
453 737 539 802 hanc
554 737 749 810 seutentiam
765 737 931 818 concedit,
948 738 1039 828 quod
1057 763 1076 804 a
1094 741 1217 806 Zarotti
1232 743 1318 830 typis

186 876 189 882 ·
276 868 377 936 quum
388 843 498 934 quoad
506 841 911 933 characterem,quiplaue
920 845 1072 926 idemsit,
1083 871 1182 936 quem
1190 849 1316 914 Plutar-

275 954 330 1020 chi
346 951 669 1042 Apophthegmuta'a
683 951 859 1042 Philelpho
878 955 979 1020 latine
992 953 1135 1035 reddita,
1154 957 1273 1024 Florus
1284 974 1318 1022 ct

276 1069 436 1144 Lucanus,
449 1061 571 1151 absque
583 1061 648 1127 ulla
660 1077 740 1128 uota
753 1063 903 1152 impressi
917 1063 1105 1152 praeierant,
1122 1079 1191 1130 tum
1207 1067 1318 1152 quoad

221 1206 223 1212 ·
275 1175 396 1240 chartae
417 1195 520 1261 genus
540 1172 626 1238 liber
645 1171 705 1238 iste
728 1171 816 1238 haud
837 1159 955 1240 leuiter
974 1172 1132 1239 dissidere
1151 1171 1313 1240 videatur.

277 1282 375 1348 conf.
397 1283 438 1346 G.
457 1281 512 1344 W.
527 1282 658 1348 Panun'
674 1279 792 1346 Annal.
814 1295 946 1369 typogr.
966 1295 990 1344 t.
1008 1285 1051 1361 11,
1064 1305 1098 1370 p.
1118 1283 1176 1346 143
1190 1297 1224 1348 et
1237 1284 1313 1348 354.

274 1390 421 1454 Primum
434 1389 493 1452 ista
509 1386 611 1452 editio
623 1385 665 1452 ad
674 1401 907 1474 partesvocata
918 1391 1317 1478 estaGesnero,quieam

275 1501 319 1564 ita
326 1497 501 1566 describit:
513 1497 627 1563 Literae
639 1512 716 1562 sunt
726 1499 795 1582 ejus
804 1497 1218 1590 formae,quamJensonius
1227 1499 1319 1566 adhi-

275 1609 359 1689 buit,
378 1607 438 1674 sed
454 1606 563 1696 paullo
580 1606 688 1672 miuus
699 1606 793 1671 cultas
806 1621 839 1671 ct
849 1607 1086 1696 incomposite,
1101 1625 1138 1674 ut
1148 1625 1316 1699 appareat,

273 1739 383 1805 neque
402 1715 553 1781 matrices
572 1713 669 1780 fuisse
686 1715 732 1779 ita
746 1713 920 1802 perfectas,
937 1729 973 1780 ut
986 1717 1079 1784 fuere
1094 1719 1316 1798 Jcnsonianae,

274 1847 382 1913 neque
407 1824 451 1887 ita
474 1839 659 1890 accuratam
686 1845 841 1890 versuum
866 1823 1117 1912 dirigendorum
1139 1827 1313 1892 rationem.

274 1937 384 1997 Porro
399 1931 502 1996 literae
523 1931 620 1996 nullae
640 1932 796 2018 initiales,
815 1955 900 2022 saepe
905 1933 939 2024 s
947 1933 1082 2021 longum
1098 1935 1132 2000 iu
1145 1937 1210 2001 fine
1223 1935 1316 2000 vocis

275 2041 432 2128 positum,
441 2039 676 2107 etcvolumea
690 2057 818 2106 constat
829 2043 1130 2130 quinternionibus,
1143 2044 1165 2108 i.
1180 2067 1210 2109 c.
1223 2044 1317 2132 quiu-

275 2171 339 2236 que
358 2148 496 2238 plagulis
513 2147 697 2236 duplicatis,
715 2165 751 2213 ut
769 2149 916 2216 oriantur
934 2149 1097 2216 denorum
1110 2151 1265 2216 loliorum
1278 2152 1316 2216 li-

275 2256 368 2322 belli.
382 2255 474 2321 Folia
487 2255 557 2343 ipsa
568 2278 638 2320 nou
651 2255 776 2343 signata
790 2279 897 2344 neque
909 2257 1024 2338 literis,
1036 2281 1145 2347 neque
1156 2260 1314 2336 numeris,

275 2363 428 2432 custodes
442 2362 535 2443 nulli,
547 2363 675 2430 nullum
688 2363 874 2452 registrum,
887 2365 988 2431 literae
1001 2389 1086 2456 sepe
1098 2367 1314 2456 transpositae,

275 2473 411 2540 infantia
420 2472 562 2559 denique
573 2472 649 2536 artis
658 2486 692 2536 et
699 2493 874 2560 operarum
883 2473 1312 2562 ruditasundiqueapparet.

274 2587 382 2648 Voces
399 2581 454 2646 vel
473 2579 610 2660 omissae,
626 2580 680 2646 rel
699 2603 774 2646 curn
791 2582 890 2670 ipsius
906 2583 1003 2647 metri
1019 2583 1168 2672 pernicie
1184 2607 1316 2672 permu-

275 2705 361 2771 tatae,
372 2689 471 2756 fidem
483 2690 619 2769 faciunt,
633 2712 703 2756 non
715 2690 880 2778 praefuisse
896 2691 1031 2758 editioni
1045 2695 1315 2773 Grammaticnm,

274 2799 334 2866 sed
350 2797 540 2888 simpliciter
553 2798 739 2886 exemplum
756 2781 862 2878 suum,
880 2801 901 2866 i.
919 2825 948 2866 e.
964 2824 1065 2866 manu
1080 2801 1239 2891 scriptum
1253 2805 1317 2868 Co·

273 2913 394 2990 dicem,
407 2897 537 2976 secutos
553 2931 622 2974 esse
638 2909 875 2998 typographos.
891 2909 984 2977 Unde
997 2910 1077 2976 illud
1090 2912 1314 2999 consequitur,

274 3035 322 3099 ut,
339 3041 411 3108 quae
424 3017 521 3083 bonae
535 3032 612 3081 sunt
627 3016 800 3095 lectiones,
816 3039 870 3082 eas
886 3017 929 3082 ab
947 3019 1083 3108 antiquo
1100 3018 1229 3098 codice,
1244 3043 1315 3084 uon

273 3130 314 3193 ab
326 3129 460 3215 ingenio
472 3125 675 3194 correctoris
692 3149 762 3192 esse
777 3127 1002 3214 intelligamus.
1018 3125 1068 3194 Ad
1080 3131 1179 3214 finem
1191 3127 1317 3197 addun-

274 3249 326 3298 tur
336 3233 371 3298 hi
382 3229 513 3300 ve'rsus:
1329 3255 1331 3260 ·

414 3376 467 3428 Hoc
474 3377 612 3446 quicunque
620 3377 689 3430 dedit
699 3377 822 3429 Venusini
832 3395 927 3430 carmen
937 3377 1023 3432 Horati

414 3467 447 3518 Et
456 3467 537 3519 studio
546 3468 631 3520 formis
641 3477 772 3520 comeatum
783 3467 879 3520 effinxit
890 3469 915 3521 iu
926 3469 979 3523 istis
1023 3505 1026 3512 -

413 3557 489 3611 Vivat
498 3569 523 3611 ct
530 3568 613 3614 eterno
620 3561 656 3612 sic
666 3559 766 3612 nomine
773 3561 852 3614 secula
860 3564 941 3616 vineat

411 3647 502 3708 Omnia
509 3665 553 3700 ocu
564 3667 686 3719 uunquam
697 3651 805 3703 numeris
813 3651 950 3706 abolebitur
960 3663 1037 3706 autor.

272 3799 352 3859 Post
370 3793 555 3858 Gesncrum
575 3763 724 3858 adhibuit
740 3818 811 3860 eam
832 3797 906 3860 Car.
925 3799 1051 3877 Combe,
1073 3800 1215 3889 exempli
1233 3801 1317 3884 ejus,

272 3901 363 3992 quod
381 3901 415 3966 iu
434 3899 635 3965 bibliotheca
650 3903 747 3987 Regis
766 3903 1007 3970 Britarmiarum
1026 3924 1209 3975 asservatur
1224 3907 1320 3994 (per-

272 4014 363 4081 venit
374 4036 414 4080 eo
427 4035 445 4077 c
457 4010 610 4076 biblioth.
625 4011 767 4099 uskew),
780 4015 875 4102 copia
887 4016 917 4080 ei
929 4015 1022 4082 facta.
1111 4041 1114 4046 ·
