2906 4694
211 355 281 426 ‘60
307 374 310 384 ·
604 355 669 424 DE
693 356 899 427 HORATII

235 493 404 568 lambino,
422 489 567 577 Cruquio
586 515 623 557 ec
640 493 788 560 Bentleio
807 495 956 582 contigit,
974 497 1082 562 Codd.
1097 501 1268 567 Vaticano-

234 622 319 678 rum,
335 597 635 679 Blandiniunornm,
656 601 831 681 Graviani,
848 603 1039 690 Reginensis
1052 625 1089 670 ec
1101 605 1279 674 Leidensis.

235 734 298 799 ope
310 709 470 796 insignem
482 731 519 774 ac
531 731 651 774 noram
662 731 798 797 prorsus
811 712 841 776 ei
852 711 958 776 lucem
969 697 1229 800 pr'telerentibus.

279 822 354 902 Quo
373 833 480 883 autem
493 817 611 882 rectius
623 817 834 904 intelligatur,
846 841 1015 906 quousque
1027 835 1163 884 conatus
1172 820 1269 886 Viro·

234 950 307 994 rum
319 926 504 1006 doctorum,
515 929 572 1016 qui
584 927 699 994 talibus
710 927 866 1016 preesidiis
877 929 1026 994 instructi
1038 929 1137 994 crisin
1151 930 1187 995 in
1202 933 1270 994 llo·
1355 1001 1358 1010 .

233 1037 316 1108 ratio
336 1051 569 1115 exercuerunt,
591 1036 828 1124 processerint,
850 1059 986 1125 qureqne
1007 1037 1141 1126 amplius
1162 1036 1204 1102 de
1227 1061 1269 1104 eo

133 1215 137 1242 Ι
217 1135 477 1212 ‘benemerendi
489 1143 1269 1234 supersitmaterios3brevemCodicum,adquos

167 1324 174 1339 ¹
234 1256 385 1322 Horatius
403 1255 508 1322 adhuc
528 1277 684 1320 recensus
704 1270 769 1334 est,
789 1253 963 1326 elenchum
975 1253 1144 1343 subjicere
1161 1253 1268 1318 uuum

234 1378 301 1441 eet3
320 1388 395 1430 nam
414 1365 598 1454 pleniorem
618 1379 651 1428 et
670 1364 921 1440 accuratiorem,
943 1381 1040 1451 quarn
1060 1361 1193 1450 quidem
1213 1361 1269 1426 res

126 1505 128 1510 ·
147 1561 152 1568 1
232 1472 395 1559 postulare
407 1473 591 1550 videbatur,
604 1471 900 1560 quandoquideme
913 1473 1026 1538 critica
1041 1495 1157 1538 eorum
1173 1487 1267 1536 note-
1287 1480 1290 1489 “

232 1581 322 1646 tione
341 1583 520 1648 lectionum
537 1579 662 1670 pendet
677 1581 864 1660 auotoritas,
878 1582 1029 1648 notitiam
1044 1581 1124 1646 dare
1142 1603 1211 1646 non
1228 1581 1267 1644 li·

234 1691 322 1770 cuit,
333 1714 434 1778 quum
450 1692 530 1779 ipsi,
547 1691 603 1778 qui
618 1712 675 1755 eos
693 1691 920 1768 tractaverint,
941 1689 982 1754 de
1001 1690 1038 1754 iia
1056 1689 1201 1756 subtilius
1217 1687 1267 1752 di-

233 1797 406 1884 spiciendis
430 1798 693 1886 supersederint,
718 1799 858 1887 satisque
879 1798 1073 1876 habuerint,
1091 1821 1147 1864 eos
1167 1796 1267 1864 certis

122 1909 124 1922 '
235 1905 420 1970 nominibus
434 1921 488 1970 aut
503 1907 601 1994 signis
615 1907 827 1996 distinguere.
948 1951 952 1964 ·

461 2105 607 2206 cono.
633 2143 751 2236 lter
772 2145 827 2206 ar
849 2144 1044 2210 uoueri
1113 2117 1116 2138 '

277 2345 420 2408 Muretus
435 2345 567 2432 quidem
581 2350 700 2438 passim
715 2365 822 2416 netues
839 2351 935 2415 libros
950 2365 1075 2438 crepat,
1085 2347 1210 2414 nullum
1222 2365 1268 2413 ta-

234 2471 312 2520 men
325 2450 445 2517 diserte
460 2455 609 2520 nominat
624 2474 678 2524 aut
693 2459 868 2536 describit3
887 2482 953 2546 quo
967 2461 1071 2524 minus
1083 2473 1192 2522 tamen
1202 2457 1268 2522 cxi-

235 2559 357 2636 stimes,
371 2563 570 2650 andqrriores
582 2565 659 2630 edd.
674 2567 716 2632 alt
733 2591 773 2634 eo
785 2567 959 2654 designari,
972 2583 1059 2632 vetat
1075 2567 1266 2642 lectionum,

235 2665 312 2732 inde
330 2669 517 2751 allatarum,
538 2672 773 2764 discrepantia;
792 2701 825 2741 r.
844 2677 1043 2755 c.1‚23,s.
1064 2680 1188 2740 prater
1205 2672 1267 2738 hos
1294 2679 1302 2697 ¹

235 2774 344 2841 laudat

280 2887 422 2955 Codicem
434 2891 614 2956 ommuni
624 2891 805 2970 Ιαιυνὼπὶ,
821 2906 855 2956 et

281 2995 422 3062 Codicum
441 2999 579 3064 Achiles
601 3001 695 3066 Statii
716 3001 903 3089 perbonum
925 3023 962 3066 ac
986 3005 1210 3090 perveterem,
1232 3011 1268 3060 ut

236 3123 303 3189 lpse
317 3106 371 3171 nit.
955 3166 958 3174 .

283 3213 353 3278 Vid.
367 3219 495 3282 Praelat.
510 3219 552 3284 ad
563 3219 617 3286 ed.
632 3244 661 3285 a.
678 3224 773 3300 1555,
786 3235 820 3285 et
830 3219 908 3300 adl,
922 3223 953 3300 1,
967 3233 1050 3284 extr.
1065 3233 1098 3282 et
1108 3215 1238 3304 passim.

280 3343 392 3428 Neque
410 3345 509 3410 Aldus
529 3350 652 3435 uspiam
670 3349 791 3414 diserte
808 3347 919 3427 tradit,
936 3348 1053 3436 quibua
1070 3345 1177 3412 Codd.
1194 3365 1270 3408 usus

236 3449 343 3512 fucrit.
363 3451 446 3516 Setis
466 3451 583 3534 habet,
602 3456 710 3522 Codd.
731 3480 824 3521 manu
840 3457 978 3544 scriptos
995 3455 1036 3520 ab
1049 3453 1202 3542 impressis
1220 3450 1269 3514 di·

236 3557 411 3642 stinguere.
426 3559 547 3626 Laudat
555 3565 687 3650 quidem
700 3565 741 3631 ad
750 3569 806 3644 lll,
818 3568 869 3630 12.
883 3563 1042 3630 Codicum
1048 3563 1271 3629 Viennensem

236 3665 404 3750 antiquum
422 3669 570 3733 Stenislci
589 3674 754 3758 cujusdam
772 3679 870 3752 Zaur,
891 3697 931 3740 ex
950 3697 1016 3760 quo
1035 3670 1115 3735 illud
1136 3689 1270 3734 carmen

237 3771 422 3848 constituit3
441 3773 498 3838 sed
520 3775 604 3840 hano
623 3780 723 3846 solam
744 3783 893 3847 notitiam
914 3780 955 3846 de
978 3803 1018 3848 eo
1037 3793 1208 3867 acceperet
1227 3777 1271 3840 ab

236 3874 353 3952 amic03
363 3877 431 3966 ipse
443 3879 525 3946 adeo
536 3905 699 3972 nunquam
711 3890 860 3954 manibus
872 3889 1099 3967 tractavitsaut
1111 3883 1272 3951 lectiones

235 3983 311 4050 inde
324 4003 469 4054 enotatas
481 3989 604 4056 habuit.
