2906 4694
283 333 326 402 50
543 327 749 398 NOTITIA
776 327 1042 398 LITERARIA

280 465 430 554 Epistolae
448 464 581 528 nomine
591 473 787 542 ,memorem
806 483 878 551 quas
895 463 1006 552 vulgo,
1022 477 1059 529 ut
1072 461 1201 530 Sidonii
1216 463 1317 532 etiam

279 589 374 642 sstsoe
391 572 524 650 suanm,
541 573 686 656 sejuncta
703 593 723 636 s
740 572 887 660 reliquis,
902 571 993 638 Fabii
1007 572 1198 638 auctoritate
1215 573 1274 654 lll,
1293 577 1315 641 8

279 689 360 750 lust.
377 684 437 748 Or.
450 679 639 746 inscribitur
647 677 743 744 bibes
751 681 787 745 ds
797 693 858 745 orte
865 684 1000 773 postica,
1012 682 1048 747 in
1059 700 1157 770 quem
1165 681 1318 772 Porphy-

280 795 331 860 rio
347 793 519 872 observat,
531 790 701 882 Horatium
715 791 915 876 congessisse
930 805 1095 878 praccepta
1108 791 1318 880 Neoptolemi

279 902 410 970 Pariani
420 901 462 965 ds
473 899 694 988 artepoctics‚
705 917 775 964 non
786 898 918 986 quidem
927 897 1049 978 omnia,
1061 887 1119 964 sed
1130 897 1317 964 eminentis-

279 1014 371 1104 sima.
385 1013 461 1076 une
470 1009 613 1098 Epistola
622 1007 650 1072 si
660 1029 734 1072 cum
743 1007 867 1073 duabus
877 1008 1215 1097 prioribusjuugatur‚
1225 1009 1316 1076 mole

280 1138 314 1188 et
324 1143 476 1188 versuum
487 1141 625 1183 numero
637 1117 706 1182 sere
716 1117 890 1204 aequabunt
898 1116 1044 1204 priorem
1053 1115 1319 1204 Epistularum-li·

227 1294 230 1310 ,
279 1231 393 1308 brsm,
405 1242 460 1292 sut
475 1241 566 1291 certe
579 1245 696 1313 parum
711 1223 800 1286 iuter
812 1243 846 1288 se
858 1237 995 1310 uterque
1011 1219 1181 1300 different,
1197 1237 1234 1287 ut
1245 1223 1317 1311 pri·

278 1337 355 1404 dsm
365 1309 492 1402 notavit
502 1337 587 1400 Dan.
601 1331 762 1397 Heinsius.
778 1331 904 1398 Horatii
915 1333 1029 1398 Sosim
1039 1331 1170 1396 Fulvius
1177 1326 1328 1398 Ursinus

278 1447 312 1512 in
321 1443 457 1531 Virgilio
471 1465 547 1508 cum
558 1439 683 1508 Grecis
697 1441 911 1528 scriptoribus
924 1435 1043 1506 collato
1057 1456 1131 1528 pag.
1149 1441 1182 1533 3,
1193 1443 1317 1519 ¹veteris

279 1554 409 1621 Codicis
419 1551 566 1620 Vaticani
577 1549 675 1616 fidem
688 1563 829 1628 secutus,
844 1549 984 1634 Eclogas
996 1548 1147 1637 appellat.
1164 1548 1218 1613 Sic
1232 1571 1317 1636 quo·

276 1683 342 1750 qne
354 1661 533 1748 Cruquius,
549 1656 637 1723 haud
652 1657 860 1745 improbante
877 1651 1010 1722 barthio
1024 1657 1066 1722 ad
1079 1658 1217 1723 Statium
1228 1661 1265 1724 Τ.
1281 1663 1315 1739 l,

275 1793 310 1857 p.
333 1771 407 1832 351.
428 1767 526 1831 Liber
542 1767 720 1832 Satirarum
731 1765 893 1830 secundus
901 1765 1054 1830 Trebatio
1071 1765 1106 1830 in
1120 1766 1318 1854 quibusdam

277 1872 386 1939 Codd.
396 1871 597 1936 inscribitur.
610 1871 806 1960 Composiun
818 1887 894 1936 sunt
903 1873 1047 1938 carmine
1060 1874 1168 1962 spico,
1180 1875 1240 1941 ssd
1248 1897 1318 1942 ser·

276 1979 545 2068 maniprnpiosu,
555 1993 592 2044 ut
602 1979 671 2068 ipse
682 1979 741 2044 lib.
755 1985 782 2060 l,
794 1983 863 2045 Sat.
878 1982 934 2060 tv,
946 1984 986 2045 41
1001 1981 1132 2046 scribit:

377 2193 383 2205 .
407 2192 413 2204 .
436 2192 442 2205 .
464 2151 592 2228 „Neque
606 2151 704 2226 siquis
717 2151 835 2231 scribut,
851 2153 892 2208 uti
905 2171 973 2220 nos,

376 2251 507 2308 Sermoni
521 2253 675 2327 propiora,
690 2263 771 2328 putes
783 2251 861 2310 hunc
875 2272 933 2310 csse
947 2265 1068 2330 poetam.

277 2417 327 2483 ab
346 2417 396 2481 bis
414 2417 527 2483 Satiris
544 2420 713 2484 monlscem
726 2435 823 2484 vocst
841 2423 993 2487 Flaccum
1007 2423 1181 2490 Sidonius:
1197 2425 1318 2493 Petrus

276 2525 437 2590 ulsssnsts
454 2526 594 2592 subinde
612 2528 779 2607 Etlicuss,
799 2545 835 2593 ut
852 2531 954 2618 Epist.
972 2535 1052 2610 150,
1069 2547 1103 2598 et
1117 2533 1205 2599 alibi.
1226 2535 1318 2621 Quid

277 2632 403 2718 ecloga,
412 2633 492 2720 quid
501 2634 598 2698 satira
609 2635 727 2721 exigat,
738 2635 906 2721 eleganter
916 2631 1074 2702 traditJo.
1087 2643 1208 2704 Anton.
1223 2643 1319 2707 Cam·

275 2759 380 2827 pessus
390 2739 449 2805 lib.
462 2745 502 2822 V,
515 2741 616 2830 Epist.
634 2739 688 2806 24.
697 2745 817 2810 Versus
830 2757 970 2832 quatuor
982 2761 1015 2810 et
1030 2747 1264 2834 quinquaginta
1276 2773 1317 2815 ex

275 2849 420 2938 Epistola
433 2849 474 2916 sd
484 2851 637 2930 Florum,
654 2875 673 2915 a
688 2872 786 2916 versu
802 2843 841 2916 st
857 2848 898 2917 sd
914 2857 986 2934 ltu,
1000 2855 1035 2920 in
1050 2855 1183 2920 alteram
1197 2843 1316 2923 addu-

275 2976 404 3046 gnstum
417 2961 680 3043 transferendos,
693 2983 762 3028 non
776 2975 851 3050 post
863 2987 896 3029 v.
913 2965 990 3038 219,
1005 2981 1041 3028 ut
1051 2969 1136 3030 Dan.
1152 2967 1314 3049 Heinsius,

275 3067 334 3133 sed
345 3067 420 3155 post
432 3073 490 3135 117
507 3065 722 3136 collocandos
735 3091 822 3148 osse,
834 3071 988 3158 singulari
1001 3070 1077 3136 diss.
1093 3072 1128 3135 in
1144 3073 1245 3138 Acad.
1262 3077 1315 3139 ln·

276 3177 493 3264 scriptionum
503 3181 606 3245 Paris.
618 3201 647 3244 a.
663 3181 761 3259 1702,
775 3183 812 3243 ts
822 3183 905 3246 Nos.
917 3179 1319 3268 probatumivitl.Boisi·

156 3341 161 3359 ,
274 3285 358 3348 nius.
370 3288 491 3350 Versus
507 3301 583 3351 octo
595 3291 629 3352 in
643 3287 837 3376 quibusdam
850 3288 958 3354 Codd.
973 3304 1006 3354 et
1020 3287 1222 3356 editionibus
1235 3313 1316 3379 pru·

276 3389 331 3454 lixi
342 3387 402 3456 lib.
413 3395 440 3472 1,
453 3393 609 3476 Satirsll,
621 3411 655 3460 ct
666 3395 841 3483 aGyraldo
854 3395 973 3484 dialog.
988 3401 1032 3466 1v
1041 3397 1083 3464 dc
1095 3400 1214 3486 postis,
1225 3399 1313 3465 Guil.
1418 3479 1424 3493 ι

276 3501 421 3564 Cantero
439 3499 571 3590 aliisque
590 3527 652 3592 pro
672 3505 857 3571 Horatianis
875 3505 997 3572 habiti:
1017 3489 1140 3586 Lucili,
1161 3529 1256 3597 quam
1274 3509 1318 3573 sis

274 3608 434 3674 messum
451 3611 668 3692 artacaeon,
688 3630 752 3680 etc.
776 3629 929 3704 tanquam
944 3615 1046 3706 spurii
1061 3639 1080 3682 a
1097 3615 1226 3682 Criticis
1243 3614 1318 3700 reji-

275 3715 417 3782 ciuntur.
426 3717 509 3786 Vide
522 3722 562 3786 ll.
580 3721 799 3810 Stephanum,
810 3725 974 3792 Loevinum
984 3725 1212 3803 Torrentium,
1224 3723 1314 3790 alios.

274 3827 312 3888 ln
327 3824 404 3890 libri
421 3825 558 3894 secundi
574 3830 717 3917 Epistola
728 3837 757 3898 ll
772 3835 961 3922 transpositi
973 3857 1089 3900 versus
1102 3859 1120 3898 a
1134 3837 1172 3898 87
1187 3833 1229 3898 sd
1242 3835 1315 3908 llll,
1356 3875 1359 3882 »

274 3949 309 3998 ut
326 3949 446 4021 proeter
463 3940 547 4004 Dan.
570 3939 735 4006 llsiusiurn
754 3941 789 4006 in
808 3943 907 4022 notis,
925 3943 977 4007 Jo.
998 3941 1166 4007 Boivinius
1183 3939 1259 4006 diss.
1279 3939 1313 4002 in
