2906 4694
263 299 304 418 5..
511 342 736 428 ,NOTITIA
762 337 1030 413 ιιιιιιιιιιιι

259 485 500 573 Porphyriooem
516 479 682 567 appellari.
705 481 860 544 Ceterum
874 494 949 544 aunt
965 479 1067 566 magis
1084 497 1237 569 excerpta
1254 507 1305 550 ex

259 616 374 662 eorum
382 589 636 670 commentariis,
647 611 744 677 quam
756 590 982 680 commentarii
993 590 1073 678 ipsi,
1085 591 1173 679 iique
1183 593 1286 658 etiam
1291 643 1302 674 ,

258 720 293 768 ut
305 704 339 767 in
350 701 417 765 eliis
429 721 560 788 quoque
572 699 705 777 factum,
720 697 908 786 interpolati
923 699 965 764 ab
981 699 1031 779 iis,
1043 699 1100 787 qui
1112 700 1172 766 ists
1182 723 1303 767 excer-

258 833 365 898 psere.
379 807 617 896 Porphyrionis
628 807 762 898 quidem
773 806 956 890 Scholiase
968 807 1066 894 longe
1078 807 1227 896 pleniora
1239 809 1302 874 hs-

257 921 338 986 berc
350 918 479 1008 scripsit
490 916 762 982 Emendationum
774 921 809 980 L.
823 921 852 996 1,
864 939 894 980 c.
910 919 962 996 11,
972 938 1074 1004 eaque
1084 939 1118 982 se
1131 917 1301 984 editurum

257 1024 417 1113 promisit.
435 1022 565 1088 Scholia
579 1039 688 1088 autem
701 1023 865 1112 Anonymi
881 1022 983 1088 edidit
996 1024 1120 1110 primus
1133 1027 1300 1114 Cntquius

257 1135 292 1198 in
309 1155 365 1196 sua
377 1133 504 1198 Horatii
520 1131 676 1196 editione.
691 1133 737 1194 Ea
752 1129 865 1197 similia
880 1132 999 1196 ceteris
1011 1129 1136 1214 judicat
1146 1131 1302 1196 Barthius

179 1279 181 1284 ·
261 1239 397 1306 Adsere.
412 1243 507 1318 XLll,
525 1241 580 1318 22;
596 1262 659 1304 nec
674 1241 782 1325 inepti
798 1237 937 1304 iaciebat
946 1241 983 1302 T.
999 1237 1106 1302 Faber
1116 1242 1199 1328 Epp.
1210 1242 1244 1328 1²
1263 1240 1301 1312 2;

259 1353 301 1427 11,
317 1351 357 1412 st
374 1347 525 1412 :hahent
540 1361 649 1412 tamen
665 1368 734 1410 non
751 1355 865 1432 pauca.
886 1367 956 1433 quae
974 1344 1009 1408 in
1025 1343 1145 1408 ceteris
1159 1342 1303 1408 Scholiis

260 1455 397 1544 antiquis
407 1478 478 1520 non
487 1454 710 1543 reperiuntur,
720 1468 754 1518 et
766 1469 875 1518 temen
887 1453 928 1518 ad
937 1451 1185 1539 intelligendum
1194 1456 1304 1518 liora·

260 1569 340 1634 tiam
351 1567 451 1632 utilia.
467 1564 600 1631 Scholia
612 1561 734 1628 inedita
744 1576 872 1626 exstant
885 1561 920 1626 in
931 1561 1016 1624 Bibl.
1031 1563 1302 1648 Francquerana‚

260 1689 341 1740 teste
357 1671 577 1740 Gutberletho
591 1670 634 1736 de
647 1671 740 1736 Saliis
751 1691 826 1758 pag.
843 1675 874 1734 9.
889 1670 1037 1735 Graevius
1049 1669 1146 1734 etiam
1159 1670 1194 1734 in
1204 1673 1300 1734 Lect.

261 1783 395 1849 Hesiod
408 1806 438 1848 c.
454 1785 489 1846 ll
503 1783 597 1846 affert
609 1784 717 1846 locum
731 1805 749 1845 e
762 1779 943 1850 Scholiasta
953 1803 1011 1846 suo
1022 1780 1158 1846 inedito.
1171 1779 1273 1864 Quae
1262 1803 1302 1845 tn

261 1891 339 1954 edd.
355 1891 450 1954 Basil.
466 1889 573 1954 addita
585 1907 661 1984 sunt
675 1907 823 1956 veterum
837 1889 1140 1981 Grammaticorum
1142 1885 1307 1965 Scholia,

263 1975 1305 2087 casuntexcerpteetcollectacxlibrisCrammaticorumsupcr-

262 2103 384 2167 stitum.

669 2217 890 2282 CODICES.

192 2463 195 2468 Ι
304 2379 451 2446 Codices
463 2377 543 2444 MSti
553 2379 722 2445 Horatiani
731 2404 800 2447 non
810 2397 876 2446 tem
886 2382 1028 2468 insignes
1037 2382 1169 2470 quidem
1178 2398 1212 2448 et
1222 2381 1303 2447 clari

266 2503 405 2568 exstant,
424 2512 520 2577 quem
533 2490 717 2575 Virgiliani3
738 2491 796 2555 sed
815 2507 923 2556 tamen
942 2515 1011 2557 non
1029 2491 1139 2580 pauci,
1155 2509 1210 2556 aut
1223 2513 1304 2558 con·

165 2625 168 2630 ·
266 2596 446 2662 temnendi.
469 2597 628 2662 Codicem
648 2599 776 2684 optimae
795 2613 881 2664 notae
899 2617 1134 2685 commemorat
1151 2601 1303 2666 Berthius

249 2703 350 2770 Adv.
364 2709 494 2786 XXXV,
498 2709 539 2770 2.
554 2706 717 2772 Bentletus
730 2709 992 2820 Regtnensemp
1010 2711 1062 2790 13,
1079 2715 1129 2790 16,
1148 2727 1213 2776 etc.
1232 2711 1304 2775 Lei-

267 2813 403 2880 densem
418 2817 482 2880 800
498 2835 673 2898 annorum,
694 2793 998 2903 Cantabrigiensem
1018 2821 1093 2898 600,
1113 2820 1190 2884 item
1205 2819 1304 2884 alium

269 2923 433 3008 Galei;·r.
457 2938 491 2988 et
510 2925 864 3011 Burmannrpraeled.
883 2928 978 3006 1113,
994 2928 1301 2993 ttttsnihtiosh.

269 3035 397 3099 llanov.
405 3024 572 3120 scripture
583 3029 839 3118 longobardicae
851 3035 999 3114 minoris,
1011 3036 1089 3101 item
1100 3038 1305 3121 Goettingen·

269 3141 310 3204 sis
321 3144 542 3208 recentiorem
555 3142 689 3208 habent.
705 3143 835 3208 Habent
853 3159 887 3208 et
903 3144 988 3208 Bibl.
1007 3147 1093 3232 Lips.
1111 3148 1190 3211 Sen.
1205 3160 1239 3210 ct
1249 3145 1304 3210 vi-

270 3271 341 3314 nar.
354 3253 499 3327 MSStos,
512 3275 651 3339 quorum
667 3253 825 3330 omnium,
839 3251 1040 3340 aliorumque
1053 3268 1208 3340 excerpta
1225 3255 1306 3317 Ges·

156 3388 158 3396 v
271 3375 371 3419 nerus
388 3355 511 3422 hahuit.
532 3358 647 3422 Plures
660 3359 816 3444 reperiet,
829 3358 884 3444 qui
897 3359 999 3438 volet,
1012 3359 1047 3423 in
1060 3357 1306 3423 Montefalconii

270 3463 355 3528 Bibl.
370 3465 462 3528 MSS.
477 3479 540 3528 etc.
552 3465 635 3530 Vide
649 3465 765 3530 etlani
775 3464 855 3532 edit.
871 3467 1009 3546 Horatii,
1021 3483 1101 3532 tom.
1117 3469 1145 3543 l,
1157 3467 1224 3531 vol.
1239 3469 1266 3530 l.

151 3685 153 3692 ’
362 3665 538 3732 SCRIPTA
558 3667 752 3735 HORATIO
775 3669 917 3735 LUCElll
940 3669 1208 3734 AFFERENTIA.

313 3849 351 3914 ln
363 3854 471 3914 Assem
480 3849 637 3916 poeticam
649 3853 820 3940 seperatim
831 3855 999 3942 scripsere
1007 3853 1151 3943 plurimi,
1164 3875 1307 3942 quoram

181 4023 184 4030 .
269 3959 448 4026 nonnullos
466 3947 637 4027 a'nnotavit
656 3962 753 4027 etiam
768 3961 928 4028 Adrianus
944 3961 1109 4042 Bailletus‚
1127 3959 1162 4026 in
1175 3959 1307 4046 judiciis
