2906 4694
228 414 275 507 ,a
595 403 660 468 nn
685 401 890 472 ιιοιιιιιι
914 410 917 418 ·

226 545 453 620 ostenderent
468 555 530 603 eto.
550 541 663 626 Neque
675 561 755 604 vero
768 539 802 604 in
816 556 931 604 nostro
944 541 1059 606 codice
1071 541 1197 608 inserta
1205 546 1267 610 fuit

226 663 286 722 Ars
306 653 454 742 poetica3
477 650 621 738 sequitur
640 651 727 714 enim
746 650 826 716 illud
844 651 982 716 rubrum
1003 654 1111 718 atatim
1133 656 1263 721 «Liber

224 760 364 853 Epodon
380 789 393 820 ι
409 762 444 824 in
455 759 573 824 eudem
585 761 802 847 quaternione
821 761 862 824 ab
879 761 973 826 initio
987 760 1028 826 ad
1040 761 1130 828 Odos
1143 765 1214 828 Xv.
1229 768 1261 844 8,

223 875 280 938 ubi
291 871 412 948 delicit,
425 886 494 935 tunt
505 889 617 934 rursus
628 871 738 958 pergit
749 869 790 935 ad
801 871 893 936 Odes
902 874 976 938 XIV
984 895 1014 936 r.
1031 873 1084 950 12,
1104 872 1146 936 sd
1162 875 1261 937 finem

223 977 376 1067 Epodon.
390 999 442 1042 ctu
433 977 626 1062 subjicitur
637 999 770 1044 carmen
781 981 947 1044 seculare
965 979 1104 1045 Schuliis
1116 981 1263 1045 abundat

222 1090 276 1154 hie
293 1085 549 1174 codexoequeac
563 1088 673 1175 prior3
692 1086 865 1176 dequibus
881 1090 957 1154 alibi
972 1089 1081 1154 lorsan
1095 1090 1262 1177 aperietur

91 1203 97 1210 '
222 1199 354 1264 dicendi
365 1197 467 1263 locus
484 1197 588 1282 (Bibl.
603 1195 704 1261 head.
715 1199 726 1286 )

268 1310 426 1374 CodexC
443 1308 537 1371 Folio
557 1307 715 1394 oblongo.
738 1309 870 1396 Spectat
892 1307 933 1374 ad
953 1329 1025 1373 stae.
1046 1312 1108 1388 XI,
1125 1327 1182 1374 aut
1199 1311 1261 1375 ini-

222 1420 299 1483 tinm
311 1421 382 1483 ΧΗ.
403 1417 592 1482 Rarissimas
609 1416 709 1482 habet
720 1417 941 1504 diphthongos
953 1421 1124 1503 sejunctim
1136 1421 1258 1506 pictas·

221 1529 297 1594 hinc
311 1525 389 1592 inde
401 1525 523 1591 vocalis
536 1525 631 1589 tertia
617 1521 810 1636 duplicata
822 1525 954 1612 gemino
970 1541 1107 1589 accentu
1124 1526 1260 1611 insigui-

220 1653 282 1702 tar.
301 1635 489 1700 Caeterum
481 1657 515 1699 ιιι
532 1599 640 1699 medio
657 1633 786 1699 diversa
806 1635 974 1698 literarum
990 1635 1095 1699 forma
1111 1633 1260 1698 diverso·

219 1769 292 1810 ram
309 1745 520 1808 librariorum
538 1765 671 1808 manum
687 1743 803 1830 arguit.
821 1743 1262 1832 CompleutiturArtcmpoe-

218 1857 327 1930 cham,
349 1854 466 1916 satiras
486 1868 521 1914 et
536 1855 719 1940 Epistulas,
739 1869 772 1916 et
790 1851 900 1916 omnia
918 1850 1051 1938 quidem
1068 1849 1136 1914 haee
1155 1875 1258 1939 opera

218 1964 356 2046 integra.
378 1959 508 2022 Scholia
528 1959 628 2025 habet
647 1961 784 2026 rariora.
806 1960 934 2025 Mandis
952 1959 1030 2030 hino
1048 1960 1125 2026 inde
1141 1977 1254 2027 scatet.

218 2073 375 2154 (Iolao.
393 2065 571 2156 Gamhsii.)

263 2179 369 2246 Codex
377 2183 421 2244 D.
437 2181 563 2241 Formae
576 2191 707 2263 quartae.
723 2177 803 2240 Saec.
815 2181 872 2254 xl,
882 2177 935 2240 rel
944 2181 1017 2254 llll,
1028 2177 1257 2266 huncquoque

218 2287 453 2376 adsignaudtun
466 2301 558 2374 puto.
580 2285 741 2350 Minorem
756 2285 883 2348 librarii
901 2305 1013 2350 curam
1031 2287 1258 2376 frequentiora

217 2401 312 2478 vitia,
336 2399 504 2484 scripturae
529 2397 727 2482 inaequalitas
750 2411 784 2460 et
806 2396 924 2483 passim
947 2396 1069 2460 ruditas
1090 2397 1253 2484 produnt.

217 2507 325 2572 Habet
340 2507 462 2571 librum
476 2506 518 2570 de
529 2507 747 2594 Artepoett'co,
759 2507 922 2594 Epistulas
938 2521 971 2570 et
982 2507 1111 2582 Satires
1126 2507 1260 2572 Scholia·

216 2615 372 2704 pauciora
390 2614 529 2700 margini
544 2613 693 2677 visuntur
711 2611 830 2676 addita.
851 2615 919 2692 Est,
939 2613 997 2677 ubi
1015 2613 1144 2692 credas,
1156 2613 1198 2676 ad
1209 2613 1257 2678 di

217 2740 302 2790 ctata
320 2722 490 2788 recitantis
509 2721 611 2784 verba
627 2719 794 2806 excepisse
811 2721 970 2798 scribam·
993 2719 1075 2784 sicl.
1094 2723 1121 2799 l,
1140 2721 1207 2784 Sat.
1227 2725 1258 2784 x

216 2857 247 2902 t.
265 2837 319 2914 50,
333 2831 555 2898 habetaddt'xt'
568 2851 631 2916 pro
647 2841 679 2894 at
697 2829 777 2892 dixi.
795 2829 1008 2896 Sedidemin
1020 2829 1104 2895 Cod.
1117 2831 1155 2894 C.
1168 2849 1257 2891 uon·
1336 2841 1344 2846 '

215 2965 393 3034 numquam
405 2944 583 3009 observare
596 2939 729 3015 licet3
705 2959 751 3002 sie
763 2941 785 3003 l.
799 2943 840 3017 ΙΙ,
856 2939 921 3003 Sat.
932 2943 975 3005 VI
985 2965 1017 3004 r.
1038 2943 1091 3019 54,
1105 2939 1256 3004 odorum

216 3058 273 3118 ott·
283 3069 387 3142 proat
398 3077 500 3142 omnes
509 3051 577 3115 Dii.
591 3052 726 3135 (Franc.
742 3049 826 3112 Phil.
843 3049 965 3134 Louis.)
1184 3123 1204 3166 .

259 3373 1253 3463 HactenusdeCodioibus,quorumauctoritateIloratiileotio

116 3525 120 3540 =
214 3485 353 3550 stabilita
369 3497 428 3548 eat.
446 3487 531 3563 lam,
543 3505 608 3572 quo
621 3487 735 3550 melius
747 3485 976 3574 perspiciatur,
991 3508 1089 3574 qnam
1101 3487 1253 3573 exiguum

214 3593 350 3659 omnino
365 3590 445 3656 illud
456 3591 509 3668 sit,
520 3594 548 3655 si
561 3594 689 3658 numeri
701 3593 783 3657 ratio
794 3591 966 3674 habeatur,
977 3594 1068 3683 quod
1077 3593 1111 3656 in
1121 3607 1253 3680 poetam

213 3719 362 3771 nostrum
374 3725 392 3767 e
405 3699 513 3768 eodd.
531 3701 723 3769 redundarit
735 3705 914 3790 adjumenti
925 3721 1022 3793 etque
1030 3703 1210 3782 commodi,
1221 3717 1255 3767 et

213 3815 269 3901 qui
287 3813 412 3877 lrucms
433 3809 570 3896 amplius
593 3811 668 3876 inde
692 3814 845 3902 sperandi
866 3813 950 3890 sint3
974 3814 1136 3878 librorum
1159 3811 1250 3876 MSS.

212 3925 382 3990 marinum
404 3933 531 4011 partem
548 3921 697 3988 nondum
716 3947 939 4003 excussorum,
951 3924 1093 4012 copiam,
1111 3944 1173 4010 per
1185 3921 1254 3985 eul-

212 4034 329 4099 tiorem
338 4037 477 4120 Europae
488 4043 780 4122 partemsparaam,
791 4033 851 4097 suh
861 4057 962 4098 unum
973 4047 1186 4120 conspectum
1197 4029 1253 4094 hic
