2994 4684
346 383 350 391 ·
438 445 441 452 .
528 365 864 436 enimomnes.
1145 395 1209 466 ιη
1315 349 1319 354 ’

225 509 320 570 14ῖ5.
335 501 787 588 Afferturhujusannieditio,
800 501 1068 569 Mediolanicbb.
1078 509 1210 572 Zarotto
1241 572 1245 585 ,

153 631 158 638 ’
176 627 306 689 curata,
317 610 484 676 ahmin
494 608 575 674 llist.
584 609 876 698 literariosst'ypogr.
889 610 1214 700 Mediolanenoi‚quoe

175 721 242 784 Pk.
253 721 398 804 Argenti
407 717 561 783 biblioth.
577 719 636 804 SS,
650 718 824 784 Mediolan.
839 720 1002 806 praemissa
1011 735 1072 800 αις
1084 743 1118 808 p.
1131 723 1207 799 5633

176 853 197 893 e
215 829 309 894 catal.
330 828 492 892 librorum
510 823 850 911 venaliumsllenetiis'
872 830 967 908 1735,
988 828 1096 907 edito3
1120 833 1210 916 cujus

176 934 262 1000 adeo
274 933 451 1000 admodum
460 923 541 1000 levis
553 949 603 999 est
613 933 798 998 auctoritas.
812 933 897 998 Anni
912 935 992 998 1473
1008 934 1210 1002 illamh'abet

43 1119 45 1126 Α
178 1047 297 1109 Ponur
308 1048 350 1123 ss,
364 1045 419 1124 21,
433 1065 530 1130 quam
544 1057 653 1108 tamen
664 1042 780 1108 nullibi
792 1059 1003 1108 memoratam
1014 1043 1135 1112 videas.

229 1165 321 1229 1476.
344 1167 383 1247 Q.
396 1167 527 1230 Horatii
534 1167 643 1230 Flacci
654 1168 767 1254 Opem.
784 1163 1043 1248 Mediolani31V,
1058 1167 1114 1230 lol.
1189 1181 1192 1190 '

226 1277 262 1338 ln
273 1275 356 1338 fine:
370 1303 386 1333 α
398 1277 469 1339 lloc
481 1295 563 1361 opus
575 1273 701 1338 lloratii
712 1259 1008 1339 emendatiss'imum
1019 1273 1211 1359 impressum

180 1395 230 1444 ost
246 1403 347 1468 opera
362 1397 397 1446 ct
412 1381 566 1469 impensis
583 1379 725 1468 Philippi
735 1378 779 1445 'dc
791 1376 951 1466 Lnragnia
966 1377 1213 1444 Mediolanensis

180 1511 268 1554 anno
280 1491 409 1555 anatoli
418 1491 603 1556 Christiano
613 1487 710 1567 ltin*
723 1489 776 1554 dic
789 1492 862 1554 XVI
873 1486 1054 1553 Februarii.
1068 1489 1182 1550 Amen.
1190 1509 1209 1546 '»
1303 1563 1310 1578 .

223 1601 326 1664 Maia.
340 1623 375 1687 p.
391 1601 471 1676 3663
485 1599 619 1664 orlandi
627 1621 660 1688 p.
672 1599 746 1676 1033
760 1599 837 1676 Sex.
852 1619 887 1684 p.
902 1599 963 1660 565
976 1621 984 1673 ;
997 1594 1213 1682 bibliotheque

180 1707 223 1771 du
238 1711 311 1785 lici,
328 1709 572 1784 Belias-lettres,
594 1723 618 1770 t.
640 1711 671 1786 l,
693 1731 727 1794 p.
749 1708 829 1781 2983
852 1705 960 1770 Smitlt.
982 1726 1016 1790 p.
1034 1687 1213 1779 ccxxxl;

181 1816 301 1880 Debere
318 1819 403 1880 Bihl.
424 1821 509 1882 ι’ωιν.
533 1840 567 1904 p.
593 1819 669 1892 315,
692 1831 726 1880 et
744 1819 862 1878 Panur
878 1818 923 1892 ll,
946 1815 999 1877 22.
1023 1813 1160 1897 Elegans
1177 1827 1215 1876 'et

180 1921 286 1985 nitida
304 1921 417 2002 editio,
435 1924 564 1989 ductae
582 1919 767 2000 Zarottiano
780 1946 808 1988 a.
828 1925 908 1986 llll
923 1907 1087 2009 exemplo,
1103 1920 1213 2005 judice

181 2011 220 2092 dc'
236 2031 283 2095 los
294 2033 370 2095 Rios
383 2032 465 2096 Bibl.
478 2033 627 2098 instruct.
642 2057 675 2120 p.
692 2035 743 2096 67.

184 2191 190 2198 -
214 2129 1214 2246 '-onmtrrzacetommrlav,spamus.nomm

181 2267 315 2329 secublre
326 2279 358 2328 ct
369 2268 434 2330 Ars
439 2267 577 2352 poetica,
592 2285 667 2330 cum
681 2259 857 2330 comment.
873 2265 1010 2329 beronis
1022 2279 1055 2330 et
1066 2265 1215 2353 Porphy-

179 2377 282 2442 rionis
299 2391 434 2442 curante
448 2378 502 2440 Jo.
516 2377 649 2462 Aloysio
661 2379 821 2455 Tuscano,
839 2391 872 2439 et
888 2397 963 2440 cum
976 2374 1121 2460 ejusdem
1138 2376 1213 2462 Epi·

180 2487 260 2550 stola
270 2486 312 2551 ad
324 2487 516 2551 Francisum
528 2485 657 2550 Helium
668 2485 934 2573 Parthenopeum
945 2508 971 2548 s.
989 2485 1064 2550 loco
1075 2485 1213 2574 (Romae)

180 2607 213 2658 ct
226 2616 254 2657 a.
269 2593 395 2682 (1476).
443 2629 450 2644 ·
498 2607 500 2612 “
1157 2649 1164 2664 .

221 2705 272 2766 Dc
282 2701 344 2766 hac
355 2700 500 2768 editione
511 2701 555 2766 ita
566 2701 876 2792 disseritAudffiedi
884 2727 918 2791 p.
929 2703 991 2766 413
1002 2727 1010 2766 ε
1023 2706 1076 2766 Jo.
1089 2701 1212 2788 Aloysii

178 2799 316 2874 Tuscani
334 2831 372 2874 ca
389 2809 450 2874 fuit
465 2831 559 2890 cura,
579 2826 616 2875 ut
630 2811 757 2876 lloratii
772 2805 1213 2894 onrrninibuscommentarii

180 2919 318 2982 beronis
333 2933 368 2982 et
382 2915 620 3006 Porphyrionis
636 2919 901 3006 adjungerentur,
914 2918 1005 3006 quod
1018 2907 1113 2980 antea
1127 2938 1212 2980 nun·

180 3049 291 3114 quam,
303 3029 375 3116 ipso
392 3043 543 3110 testante,
559 3031 678 3119 lactum
692 3031 807 3094 luerat.
823 3033 941 3106 Erunt,
958 3025 1063 3112 inquit
1074 3026 1109 3089 in
1120 3026 1211 3112 prin-

181 3133 269 3218 cipio
286 3157 350 3199 suae
365 3137 527 3223 epistole,
543 3138 600 3223 qui
617 3137 787 3202 inventum
805 3135 869 3199 hoc
887 3148 1038 3198 nostrum
1056 3132 1210 3198 lenocinii

180 3263 278 3304 rcum
292 3242 413 3324 dicant,
427 3245 516 3333 quod
531 3245 612 3311 Odis
630 3259 663 3308 et
681 3243 815 3332 Epodis,
837 3265 874 3306 ac
892 3242 989 3308 Poesi
999 3244 1163 3308 Acronem
1177 3258 1210 3308 ct

180 3347 444 3436 Porphyrionem
462 3353 667 3417 commisceri
683 3352 876 3439 curaverim.
898 3355 964 3416 Nec
980 3349 1137 3431 deerunt,
1155 3375 1213 3441 qur

181 3473 331 3544 arguant,
349 3458 434 3525 hanc
453 3483 565 3526 rerum
581 3463 753 3528 mixturam
768 3461 862 3549 operi
882 3460 1075 3548 religionem
1093 3483 1131 3526 ac
1147 3483 1213 3526 ma-

177 3567 327 3649 jestatem
336 3567 524 3634 detrahere.
536 3575 576 3635 Et
584 3571 668 3636 infra
676 3596 685 3634 :·
695 3576 760 3636 Eos
768 3587 889 3650 tamen,
897 3571 953 3658 qui
960 3585 1051 3635 recte
1058 3571 1212 3650 sentient,

181 3689 215 3736 et
228 3673 337 3741 libero
346 3675 471 3762 judicio
488 3694 623 3742 censere
635 3677 813 3756 voluerint,
826 3699 951 3742 novum
966 3675 1031 3740 hoc
1048 3699 1214 3741 commen-

181 3793 248 3845 tum
264 3799 417 3849 nostrum
434 3766 576 3851 arbitror
591 3785 798 3872 probaturos.
815 3786 978 3851 Caeterum
993 3785 1049 3874 qui
1063 3784 1216 3850 editionis

182 3893 293 3955 curam
309 3909 494 3978 gesserunt,
511 3894 533 3958 ii
548 3893 640 3959 luere
653 3895 749 3958 cneus
760 3894 891 3959 Sabinus
906 3909 939 3959 et
951 3896 1078 3970 Helius,
1094 3893 1141 3956 uti
1160 3891 1215 3953 de-

183 3997 282 4064 clarat
304 4001 376 4088 ipse
395 3995 558 4071 Tuscanus
580 4003 666 4070 circa
686 4004 783 4070 linem
805 4004 974 4092 epistolae:
997 4003 1087 4066 testis
1110 4022 1143 4064 es
1164 4013 1216 4072 tu,

684 4111 686 4115 .
1042 4101 1075 4174 8,
