2906 4694
119 447 616 470 mmmmm-nmm-
620 450 1151 482 mmmmmmw
1231 449 1234 454 “

229 645 688 752 rssrtuoun
722 649 1039 790 lurtoul

443 851 508 917 ns
531 849 574 938 Q.
600 850 836 919 Hormo

572 1049 702 1074 *—

392 1205 735 1294 ov1u1us‚Trist.1V‚
758 1229 815 1293 ιο,
833 1209 880 1300 49

184 1353 225 1426 Et
236 1353 341 1418 tenuit
350 1366 480 1416 nostras
491 1371 684 1416 numerosus
694 1353 846 1418 Horatius
859 1375 951 1418 aures

227 1467 315 1528 Dum
325 1462 402 1528 serit
414 1462 556 1527 Ausonia
568 1463 712 1526 carmina
723 1462 810 1527 culta
819 1463 900 1549 lyra.
982 1491 985 1500 ·

459 1609 672 1673 rsrsoutus,
688 1609 720 1656 c.
744 1585 820 1655 118.

169 1689 330 1789 deterunt
350 1742 461 1809 neque
477 1713 678 1808 'generosior
699 1719 831 1808 spiritus
851 1719 1027 1784 vastitatem
1050 1729 1156 1801 amat,
1181 1753 1186 1758 -
1207 1771 1211 1778 .

123 1853 227 1918 neque
235 1830 412 1918 concipere
422 1845 478 1894 aut
486 1829 585 1895 edere
594 1845 724 1918 partum
733 1851 826 1894 mens
834 1843 955 1917 potest,
963 1828 1025 1893 nisi
1034 1829 1157 1916 ingenti

122 1940 255 2004 flumine
266 1939 445 2004 litterarum
455 1937 622 2004 inundata.
639 1936 866 2024 Effirgiendum
878 1937 1079 2002 estabomni
1087 1959 1159 2004 ver·
1236 2027 1238 2032 ι
1325 1971 1327 1976 -

124 2027 244 2110 borum
253 2093 263 2124 ,
281 2060 319 2110 ut
335 2045 379 2110 ita
397 2045 517 2128 dicam,
533 2047 673 2125 vilitate,
688 2060 721 2111 et
738 2046 902 2112 sumendae
917 2067 1016 2111 voces
1029 2067 1048 2110 a
1060 2045 1157 2134 plebe

124 2151 297 2232 submota,
312 2165 347 2216 ut
360 2153 415 2218 fiat

296 2287 363 2356 Odi
377 2289 552 2376 profanum
566 2291 680 2377 volgus
694 2306 728 2354 et
739 2309 847 2354 arceo.

122 2430 280 2492 Praeterea
297 2425 481 2492 curandum
496 2443 561 2508 est,
572 2422 616 2494 ne
628 2428 797 2493 sententiae
809 2429 975 2492 emineant
986 2442 1077 2492 extra
1088 2407 1160 2494 cbr-

121 2557 179 2622 pus
190 2535 350 2629 orationis
359 2557 536 2622 expressae3
549 2535 608 2602 sed
616 2538 739 2602 intecto
746 2537 889 2602 restibus
899 2538 1011 2602 colore
1020 2519 1155 2602 niteant.

122 2647 280 2710 Homerus
289 2645 394 2722 testis,
405 2659 439 2708 et
449 2647 567 2734 Lyrici,
579 2651 808 2734 Romanusque
818 2645 980 2733 Virgilius,
992 2662 1024 2711 et
1034 2645 1158 2711 Horatii

122 2753 405 2820 curiosafelicitas.
483 2748 486 2752 ’

372 2902 585 2968 sursulus,
602 2880 669 2948 Sat.
688 2905 756 2968 vn,
778 2877 820 2948 53
839 2903 908 2971 sqq.

186 3009 253 3077 Sed
264 3026 373 3091 satem
384 3013 564 3100 egregium,
577 3015 630 3077 cui
640 3035 710 3077 non
721 3013 762 3076 sit
773 3011 903 3098 publica
916 3031 1012 3087 vena,

188 3118 359 3183 Amietate
372 3141 488 3185 carens
500 3121 626 3186 animus
637 3120 726 3198 facit,
740 3117 847 3184 omnis
860 3117 972 3181 acerbi

187 3203 362 3312 Impatiens
366 3275 375 3308 ,
388 3227 524 3316 cupidus
537 3229 704 3306 silvarum,
717 3242 873 3315 aptusque
884 3225 1036 3292 bibendis
1054 3233 1057 3240 ’

189 3332 349 3398 Fontibus
360 3333 525 3400 Aonidum
536 3361 545 3399 ι
557 3357 664 3423 neque
677 3335 766 3400 enim
778 3350 912 3398 cantare
924 3334 984 3398 sub
996 3317 1091 3440 aulfo

185 3441 309 3520 Pierio,
322 3441 509 3532 thyrsumve
522 3461 631 3533 potest
643 3445 836 3530 contingere
851 3458 963 3508 moesta
1003 3497 1007 3514 ,

182 3555 365 3641 Paupertas
376 3569 473 3642 atque
486 3555 558 3620 teris
569 3554 677 3643 inops,
691 3575 758 3642 quo
769 3568 867 3618 nocte
880 3551 997 3639 dieque

183 3661 317 3748 Corpus
330 3675 423 3746 eget:
437 3677 527 3726 satur
539 3675 600 3740 est,
612 3684 712 3748 quum
724 3659 803 3724 dicit
814 3659 966 3724 Horatius
974 3661 1079 3724 Eooe!
1123 3675 1127 3684 ’

484 3807 647 3872 erastus,
663 3787 698 3870 Ι,
721 3781 797 3854 116.

181 3921 296 3985 Omne
309 3915 402 3980 vater
414 3917 528 3982 vitium
540 3916 663 3981 ridenti
673 3917 808 3983 Flaccus
820 3915 924 3980 amico

177 4024 301 4112 Tangit
313 4041 348 4088 et
360 4023 517 4090 admimus
529 4026 654 4090 circum
664 4021 845 4112 precordia
856 4019 956 4098 ludit,

182 4129 334 4226 Callidus
346 4151 482 4212 excusso
494 4131 652 4232 populum
665 4129 864 4219 suspendere
877 4149 968 4190 naso.
