2906 4694
704 329 769 396 DE
794 331 906 397 vl'l'A

710 507 743 551 u.
764 507 794 552 c.
819 481 898 577 738.

354 682 357 690 ,
446 639 477 690 L.
493 635 633 690 Domitius
646 633 865 694 Ahenobarbus.
882 635 912 689 P.
929 633 1044 688 Cornel.
1059 634 1163 708 Scipio.

595 747 660 790 ante
673 734 704 789 C.
722 734 766 790 16.
784 734 895 790 Horatii
910 731 1015 808 49-50.

329 849 501 954 Pertineut
511 889 552 954 ad
564 889 597 954 h.
607 913 637 954 a.
652 893 690 956 C.
700 893 757 968 Ν,
769 895 799 968 1,
809 903 843 955 et
856 891 902 954 sic
914 890 1001 954 circa
1013 889 1101 953 idem
1109 903 1236 976 tempus
1245 889 1318 954 scri-
1346 965 1350 974 ¹
1430 921 1431 924 ¹

286 1013 378 1084 ptum
396 987 528 1086 oport'et
540 999 578 1061 C.
595 1001 650 1075 tv,
668 1000 717 1061 10.

711 1144 898 1240 u.c.739.

509 1301 549 1354 M.
566 1301 676 1354 Drusus
689 1297 771 1352 Libo.
788 1298 819 1351 L.
835 1296 1009 1372 Calpurnius
1023 1298 1095 1352 Piso.

600 1408 664 1452 ante
679 1397 709 1452 C.
729 1394 772 1450 15.
790 1393 901 1451 Horatii
917 1393 1016 1452 50-51.
1036 1405 1037 1409 ’

328 1553 432 1618 Rhaeti
443 1568 477 1616 et
488 1550 649 1618 Vindelici
662 1573 723 1638 per
733 1549 898 1614 Tiberium
912 1566 945 1615 et
961 1553 1104 1615 Drusum
1116 1550 1318 1637 subiguntur.

284 1664 429 1727 Primum
448 1660 533 1726 solus
552 1665 676 1724 Drusus
692 1658 806 1722 missus
823 1676 909 1738 erat,
931 1675 964 1723 et
980 1658 1111 1723 Rhaetos
1129 1657 1215 1745 apud
1228 1659 1321 1744 Alpes

284 1769 489 1834 Tridentinas
510 1769 626 1853 proelio
644 1769 786 1842 vicerat;
808 1769 872 1832 Dio
889 1772 969 1846 LIV,
990 1791 1024 1854 p.
1040 1770 1115 1830 536.
1135 1771 1183 1830 Eo
1201 1781 1322 1852 spectat

181 1885 186 1897 ‘
287 1875 1322 1961 C.lV,4.DeindequumRhaetinibilominusGalliamurgerent,
1393 1853 1396 1866 Ι

283 1983 433 2045 Tiberius
451 2003 581 2068 quoque
603 1980 757 2044 adversus
777 2005 834 2045 eos
852 1984 984 2060 missus3
1005 1983 1068 2046 Dio
1084 1979 1163 2046 ibid.
1178 1979 1320 2044 Proinde
1430 1991 1431 2020 ³

285 2092 410 2152 Drusus
431 2101 464 2149 et
480 2085 627 2148 Tiberius
641 2087 735 2149 simul
748 2087 856 2150 multis
873 2089 954 2150 locis
972 2089 1005 2150 in
1026 2087 1181 2151 Hhaetiam
1199 2087 1321 2172 irrupe-

180 2241 189 2254 .
285 2211 379 2274 runt,
402 2210 435 2259 et
455 2195 578 2279 aliquot
598 2194 719 2280 proeliis
740 2195 850 2280 copias
870 2194 1012 2258 hostium
1028 2194 1232 2260 deleverunt.
1249 2199 1320 2258 Haeo

285 2323 375 2392 gesta
396 2303 764 2368 celebranturCarmin.
779 2305 836 2382 Ν,
853 2306 908 2379 lt,
922 2305 1023 2367 serius
1034 2304 1171 2391 scripto,
1184 2318 1221 2366 ut
1235 2301 1320 2366 vide-

285 2414 402 2482 bimus.
411 2394 611 2496 -ilugustus
622 2432 682 2496 per
696 2425 799 2472 totum
812 2433 932 2473 annum
945 2411 978 2473 in
992 2411 1094 2474 Gallia
1106 2411 1223 2474 absens
1236 2425 1293 2474 est.

710 2617 743 2660 n.
765 2617 795 2662 c.
819 2598 897 2689 740.

597 2751 661 2796 ante
675 2741 704 2794 C.
724 2749 767 2804 rt..
789 2739 899 2794 Horatii
915 2739 1018 2796 51-52.

328 2894 489 2976 Augustus
510 2886 615 2967 adhuc
634 2885 713 2950 dum
728 2889 832 2949 Roma
848 2887 957 2966 abest,
970 2889 1004 2951 in
1016 2887 1186 2973 Hispania,
1201 2887 1318 2960 Gallia,

284 2997 475 3072 Germania,
496 2994 595 3058 rebus
616 2991 853 3056 constituendis
874 2993 1028 3058 intentus.
1055 2994 1220 3081 Scriptum
1245 3009 1319 3060 tunc
1429 3037 1430 3046 .

284 3106 413 3170 videtur
431 3108 469 3170 C.
488 3109 544 3184 lv,
558 3107 575 3168 5
591 3127 648 3190 up.
665 3116 741 3190 post
760 3103 866 3188 legem
883 3101 925 3166 de
947 3103 1113 3168 adulteriis
1131 3103 1215 3168 etde
1228 3103 1320 3166 mari·

285 3211 390 3274 tandis
402 3210 572 3276 ordinibus
584 3235 612 3274 a.
629 3213 690 3274 736
703 3211 812 3289 latam,
827 3212 905 3276 item
919 3227 994 3300 post
1005 3212 1158 3277 subactos
1170 3209 1319 3297 Papthos,
1429 3203 1430 3209 ἵ

286 3317 468 3394 Cantabros
480 3332 514 3380 et
526 3319 718 3382 Germanos.
734 3317 784 3380 Ad
796 3317 883 3380 idem
895 3334 1022 3405 tempus
1034 3334 1159 3406 spectat
1171 3321 1209 3383 C.
1223 3323 1265 3396 ll,
1278 3322 1307 3380 t.

711 3518 745 3562 tt.
765 3518 795 3561 (3.
821 3513 932 3588 7211.¹
988 3515 994 3526 '

474 3647 536 3700 Tib.
551 3647 685 3725 Claudius
699 3650 786 3704 Nero.
804 3651 835 3704 P.
851 3650 1020 3718 Quinctilius
1035 3651 1134 3704 Varus.

511 3743 516 3764 ⁸
596 3758 660 3802 ante
673 3749 703 3800 C.
723 3749 765 3804 13.
782 3749 892 3804 Horatii
910 3747 1008 3805 52-53.

327 3897 486 3981 Augustus
499 3897 632 3990 Romam
646 3877 834 3962 revertitur·
850 3899 885 3964 Si
898 3899 1058 3964 Suetonio
1071 3896 1248 3976 credimus,
1259 3899 1321 3960 Au·
1428 3941 1429 3986 p

283 4017 409 4090 gustum
423 4001 542 4064 Tiberii
554 4003 717 4088 Drusique
726 4041 739 4080 ,ι
747 4005 973 4092 privignorum
986 4027 1118 4070 suorum
1130 4052 1138 4082 ,
1153 4004 1320 4068 victoriam
1428 4011 1429 4078 J
