2906 4694
197 395 201 400 ’
266 377 315 498 io
504 421 815 490 rusuiuouia
840 421 1059 510 aurium

533 598 643 643 sanni.
661 599 800 676 Bassus,
819 575 861 642 ad
878 577 942 642 Pis.
959 601 1038 671 227.

573 707 702 764 (Wemsd.
717 709 784 760 Post.
799 711 860 760 min.
873 727 908 773 tv,
922 719 999 780 stu.)

661 854 817 914 Maeccuas
830 852 893 916 alta
902 850 1058 916 Thoantis

334 961 442 1040 uruit,
455 974 488 1023 ct
498 960 628 1047 populis
640 959 783 1023 ostendit
793 961 930 1024 nomina
942 959 1060 1048 Graiis.

337 1071 489 1136 Carmina
501 1069 656 1133 Romanis
669 1069 764 1133 etiam
775 1071 962 1134 resonantia
974 1069 1106 1134 chordis

335 1176 574 1263 Ausoniamque
587 1174 704 1262 chelyn
717 1176 846 1262 gracilis
857 1177 1011 1264 patefecit
1022 1178 1147 1241 Horati.
1200 1199 1203 1206 ’

502 1359 797 1424 communiens,
815 1339 896 1406 lust.
914 1340 975 1406 Or.
991 1340 1027 1428 Ι,
1039 1337 1071 1406 8.

206 1475 212 1494 ’
312 1489 413 1557 Utiles
431 1485 600 1573 Tragoedi:
622 1485 711 1550 alunt
734 1499 767 1548 st
785 1485 909 1571 Lyrici3
932 1485 958 1549 si
979 1483 1087 1550 tamen
1108 1485 1142 1550 in
1165 1484 1214 1550 his
1235 1509 1311 1552 non

268 1617 418 1665 auctores
430 1594 551 1674 modo,
571 1591 630 1658 sed
648 1593 744 1658 etiam
763 1609 871 1680 partes
885 1595 994 1682 op'eris
1012 1595 1159 1680 elegeris.
1179 1597 1260 1658 Nam
1272 1612 1313 1661 et

270 1706 378 1774 Graeci
394 1706 532 1770 licenter
552 1703 669 1782 multa,
692 1718 725 1766 ct
742 1703 913 1770 Horatium
933 1705 968 1770 in
988 1703 1181 1792 quibusdam
1199 1703 1312 1769 nolim

237 1813 240 1822 ’
268 1814 488 1902 interpretari.

624 1943 729 2009 ruera,
748 1946 779 1990 u.
798 1927 843 2009 x,'
865 1946 893 1990 c.
915 1945 943 1990 1.

618 2037 628 2056 N

313 2071 415 2135 Multo
430 2085 479 2133 est
495 2071 612 2134 tersior
625 2069 784 2158 (Lucilio)
797 2093 833 2134 ac
851 2091 952 2157 purus
968 2069 1067 2155 magis
1086 2069 1254 2148 Horatius,
1271 2087 1311 2134 ct

270 2177 488 2246 adnotandos
504 2177 673 2242 hominum
685 2201 794 2242 mores
810 2180 1002 2266 precipuus.
1025 2183 1071 2244 Et
1081 2181 1195 2268 paullo
1203 2194 1281 2268 post
1296 2204 1310 2244 .-

269 2290 398 2354 lambus
411 2311 480 2353 non
500 2311 577 2352 sane
596 2289 784 2353 aHomanis
800 2289 983 2372 celebratus
997 2303 1065 2368 ast,
1084 2289 1310 2376 utproprium

270 2423 373 2488 opus;
397 2421 416 2462 a
436 2397 629 2486 quibusdam
648 2397 858 2485 interpositus
881 2423 889 2462 ε
915 2403 1005 2478 cujus
1019 2397 1178 2462 acerbitas
1191 2397 1225 2462 in
1245 2397 1312 2462 Ca-

269 2509 370 2586 tullo,
391 2506 564 2584 Bibaculo,
583 2505 718 2570 Horatio
730 2531 738 2582 3
754 2529 949 2594 quamquam
962 2505 1009 2570 illi
1023 2504 1149 2593 epodos
1161 2505 1310 2568 interve·

269 2617 350 2684 niro
364 2637 433 2682 non
457 2613 653 2700 reperiatur.
677 2617 719 2678 At
739 2613 930 2701 Lyricorum
953 2612 1041 2678 idem
1063 2611 1215 2678 Horatius
1236 2612 1311 2678 fere

270 2725 357 2790 solus
370 2723 435 2809 legi
448 2719 575 2808 dignus.
590 2725 671 2784 Nam
683 2736 717 2784 et
731 2722 868 2808 insurgit
881 2719 1055 2808 aliquando
1070 2736 1103 2788 et
1120 2700 1236 2808 olenus
1257 2735 1313 2784 est

264 2832 488 2919 jucunditatis,
498 2845 531 2894 et
542 2829 663 2916 gratiae,
672 2845 706 2894 et
716 2829 812 2894 variis
825 2830 947 2916 figuris,
956 2845 989 2894 et
1001 2829 1111 2894 verbis
1123 2830 1311 2894 felicissime

269 2943 382 3010 audax.
602 2945 603 2950 ’

429 3091 571 3140 aucrou
589 3065 631 3134 de
648 3067 780 3135 Caussis
798 3091 884 3135 corr.
902 3065 1018 3160 Eloqu.
1041 3092 1069 3134 c.
1091 3053 1145 3138 ao.

313 3235 459 3319 Erigitur
471 3235 559 3298 enim
567 3238 635 3319 jam
647 3235 688 3298 ab
701 3251 833 3300 oratore
846 3235 942 3299 etiam
953 3208 1101 3322 poeticus
1112 3233 1225 3311 decor,
1236 3255 1314 3299 non

272 3339 559 3417 Attii,autPacuvii
571 3357 710 3406 veterno
722 3341 984 3427 inquinatus,'sed
997 3363 1037 3405 ex
1050 3339 1188 3418 Horatii,
1199 3339 1315 3404 etVir-

272 3445 339 3532 gilii
353 3461 386 3510 et
402 3446 523 3508 L'ucani
538 3448 679 3512 sacrario
693 3447 850 3534 prolatus.
872 3452 998 3512 Horum
1012 3449 1109 3534 igitur
1117 3438 1252 3512 auribus
1273 3465 1315 3512 et

268 3552 398 3636 judiciis
410 3553 641 3641 obtemperans
652 3571 841 3620 nostrorum
854 3573 1022 3622 oratorum
1032 3572 1124 3635 aetas,
1136 3543 1315 3645 pulchrior

273 3675 306 3722 et
316 3675 463 3725 ornatior
473 3676 604 3724 exstitit.

576 3831 858 3920 ausou1us,Eid.
878 3859 927 3920 iv,
948 3830 1002 3901 56.

337 3977 380 4038 Te
392 3991 571 4062 preeunte,
584 3999 701 4064 nepos,
716 3980 880 4045 modulata
892 3995 1044 4068 poemata
1056 3979 1167 4044 Flacci

337 4082 583 4172 altisonumque
598 4085 715 4153 iterum
725 4089 770 4152 las
785 4103 834 4154 est
847 4087 997 4154 didicisse
1011 4091 1189 4154 Maronem.
