2994 4684
263 331 328 402 nio
628 309 693 396 nn
718 331 927 398 nontin

301 467 521 547 -ooromoi
530 465 799 528 ruscimannus
814 467 930 541 omnia,
944 435 1137 530 doctissimis
1157 466 1295 534 sinonis

256 575 422 640 illustrata.
438 571 849 660 intromissionem.
863 573 943 652 Ituci,
959 575 991 636 8.

298 682 421 766 Dougi.
437 703 471 769 p.
487 683 518 744 8.
533 673 607 746 Vid.
624 703 653 744 a.
672 683 767 760 1547,
783 683 878 746 1552.

300 859 335 868 -
358 825 396 906 Q.
421 825 549 888 Horatii
571 826 679 890 Flacci
696 826 810 913 Opem.
842 826 992 912 Lugduni
1013 849 1074 914 per
1095 831 1157 892 io..
1174 828 1295 894 Frello-

252 929 361 1008 nium,
382 933 433 995 12.
1005 967 1012 984 ¹

103 1021 109 1037 ⁵
245 1109 249 1118 Ι
294 1038 417 1121 Dougl.
433 1039 455 1102 l.
471 1040 493 1102 Ι.

293 1145 445 1232 Denique
464 1147 582 1212 eodem
599 1148 665 1214 hoc
684 1173 771 1215 anno
784 1153 938 1216 Morco'no
956 1150 1122 1218 adiversis
1139 1169 1293 1242 typogra·
1326 1195 1330 1205 ·

254 1251 340 1340 phis,
356 1257 516 1344 variisque
527 1257 608 1328 iocis
619 1259 757 1347 repetita
775 1275 835 1340 est,
851 1259 950 1347 idque
962 1259 1111 1347 Lugduni
1124 1284 1185 1349 per
1202 1263 1289 1327 Guil.

186 1393 190 1400 ·
252 1365 371 1430 Rovill.
385 1370 571 1433 etVenetiis
581 1369 668 1458 apud
678 1369 808 1438 nidum.
821 1375 901 1456 Quae
912 1371 1157 1460 Lugduniapud
1167 1371 1289 1438 haered.

252 1473 376 1539 Sebast.
393 1475 534 1566 Grypbii
545 1475 610 1544 hoc
623 1500 711 1542 anno
721 1493 834 1542 curata
846 1493 895 1543 est
903 1477 1016 1556 editio,
1028 1479 1208 1544 anteriores
1217 1501 1292 1542 suas

119 1625 125 1634 -
249 1584 407 1670 sequitur,
419 1607 490 1649 non
501 1586 708 1664 Muretinam,
721 1600 757 1649 ut
768 1586 866 1672 vulgo
878 1600 1021 1672 putatur.
1037 1589 1149 1650 Exstat
1160 1585 1194 1648 in
1203 1585 1287 1649 Bibl.
1318 1618 1323 1632 ι

252 1692 401 1780 Gotting.

297 1832 391 1894 1560.
414 1833 452 1912 Q.
467 1833 597 1896 Horatii
606 1831 721 1896 Flacci
731 1831 904 1920 Epistola,
922 1832 1077 1896 &moon
1093 1842 1122 1894 ct
1139 1835 1204 1896 Ars
1215 1851 1293 1930 poc·

251 1939 322 2002 tica.
338 1943 531 2029 Antwerpiae
544 1965 583 2007 ex
596 1943 681 2007 offic.
700 1943 853 2022 10.Loeii,
867 1945 897 2006 8.

109 2047 123 2075 ²
167 2135 171 2149 ,
297 2051 414 2134 Dougi.
431 2074 464 2138 p.
482 2053 513 2116 8.

298 2227 332 2238 -
344 2192 383 2272 (i,
394 2193 524 2258 Horatii
533 2195 641 2259 Flacci
650 2175 799 2260 Pocntatu
812 2150 926 2264 omnia·
940 2195 1083 2275 Basileae,
1101 2199 1132 2260 8.

180 2305 199 2376 f
293 2297 378 2364 Bibl.
394 2303 474 2366 Hor.
492 2325 526 2389 p.
542 2303 593 2366 37.

693 2467 838 2484 Ἀ

334 2631 447 2694 nris
468 2631 635 2707 runnu,
659 2631 694 2692 s.
715 2625 1190 2712 tinnire-cunonisuo.
1314 2699 1316 2704 ,

340 2733 346 2752 ‘
564 2771 955 2834 'issi-tsio-ioso.

292 2960 384 3022 Hanc
406 2969 534 3020 retatem
553 2955 599 3018 sic
619 2947 740 3017 dictum
760 2975 779 3016 a
798 2949 1002 3039 principibus
1025 2950 1232 3014 curatoribus
1254 2965 1287 3012 et

229 3067 231 3073 ’
249 3063 495 3152 interpretibus,
508 3061 608 3126 Dion.
623 3060 782 3125 Lambino
797 3073 831 3123 et
844 3062 913 3124 Joo.
927 3059 1085 3146 Cruquio,
1098 3073 1218 3152 prester
1230 3081 1286 3124 eos

248 3188 411 3238 ornarunt
433 3168 558 3236 Theod.
582 3170 801 3248 Pulmannus,
823 3171 947 3254 Georg.
974 3168 1158 3246 Fabricius,
1181 3171 1283 3234 Henr.

67 3275 72 3294 ’
192 3265 195 3270 ’
238 3279 444 3366 Stephanus,
461 3280 540 3344 Adr.
560 3280 744 3358 Turnebus,
763 3283 864 3344 Janus
880 3282 1003 3356 Dousa,
1017 3279 1118 3363 Greg.
1138 3279 1286 3342 Eersma·

247 3409 321 3464 nus,
333 3391 417 3452 Dan.
430 3389 592 3468 Heinsius,
600 3393 701 3454 Janus
711 3387 914 3473 Rutgersius,
925 3385 1073 3451 Laevinus
1079 3385 1283 3464 Torrentius,

246 3501 324 3560 Tan.
340 3497 460 3574 Faber,
476 3512 509 3561 et
520 3497 623 3572 Andr.
638 3497 817 3562 Dacierius.

295 3641 389 3704 1561.
407 3641 446 3720 Q.
459 3641 589 3712 Horatii
596 3641 715 3716 Flacci,
729 3663 769 3704 ex
781 3634 844 3702 fide
857 3651 954 3724 atque
967 3637 1158 3700 auctoritate
1169 3635 1284 3700 decem
1304 3637 1306 3640 ’

114 3735 117 3742 ,
246 3749 407 3814 librorum
425 3751 498 3812 Mss.
521 3770 622 3836 opera
637 3749 786 3836 Dionysii
802 3747 966 3826 Lambini,
984 3745 1156 3812 Monstroil
1172 3767 1283 3809 emen-

247 3860 355 3938 datus,
373 3856 414 3922 ab
431 3855 612 3942 eodemque
630 3856 880 3926 Commentariis
899 3851 1128 3942 copiosissimis
1146 3849 1284 3915 illustra·
