3014 4678
547 407 891 482 aclarcnluus.
1175 415 1244 487 203

143 550 148 563 ’
226 515 343 620 ‘aaa
364 527 903 630 ossuoraaramraaaau
922 549 1063 636 antiqua
1082 550 1191 615 eoae.
1213 569 1247 617 a

166 671 168 679 '
199 661 300 728 certis
317 659 612 726 observandnihus
632 659 839 738 emendavit,
858 659 1028 748 variaeque
1047 661 1246 750 scriptorum
1353 733 1356 738 ,

200 788 234 836 et
260 772 497 857 impressorum
526 769 701 834 Lectiones
731 769 852 855 adjecit
876 768 968 835 Alex.
995 771 1241 858 Cuningamius.

38 854 42 864 ⁸
104 879 108 885 ’
201 885 297 966 Hegea
312 877 826 967 Ccm.apudTh.Janscn,fl.'

244 1003 340 1066 Alea.
367 1002 568 1087 Omtgama'
587 1001 897 1073 animadversiones
923 1005 958 1068 iu
982 1003 1078 1068 Rich.
1105 1005 1246 1074 Bentleii

200 1125 295 1176 notas
310 1125 344 1175 et
357 1109 606 1177 emendationes
621 1112 662 1177 ed
677 1117 721 1198 Q.
736 1116 777 1176 ΙΙ.
792 1111 841 1178 Fi.
861 1111 910 1178 lb.
927 1111 1002 1178 eod.
1102 1126 1108 1138 ’
1153 1092 1157 1101 ’

213 1255 218 1270 .
244 1217 374 1284 Eodem
389 1241 417 1318 a.
437 1233 575 1307 uterque
595 1217 650 1286 hic
664 1209 757 1286 iiber
776 1243 910 1287 recusus
931 1237 981 1287 est
1000 1222 1142 1290 londini
1160 1227 1247 1313 apud
1310 1283 1311 1286 ,

201 1327 340 1393 Vaillant
353 1345 387 1394 et
399 1333 558 1410 Preion,
573 1331 630 1396 ubi
644 1331 732 1396 obss.
750 1333 825 1398 crit.
842 1333 999 1418 subjectae
1015 1335 1116 1398 textui
1133 1336 1246 1422 legun-

200 1452 266 1502 tur.
282 1439 521 1526 Cuningamius‘
529 1439 709 1506 editionem
720 1440 1069 1530 eucinquadringentis
1081 1445 1154 1532 plus
1165 1445 1247 1510 locis

201 1546 463 1612 emendatiorem
487 1547 688 1614 Bentleiana
703 1547 879 1615 adornasse
902 1574 937 1616 se
960 1551 1116 1627 affirmat3
1141 1565 1268 1616 certas·
1349 1613 1351 1618 .
1410 1581 1418 1592 ·

201 1679 280 1751 quas
291 1657 372 1722 dicit
382 1658 563 1723 observatt.
577 1659 737 1747 imprimis
751 1682 792 1724 ex
807 1658 892 1724 Ccd.
906 1658 1081 1724 Blandinic
1094 1659 1247 1746 antiquis·

200 1768 283 1834 simo
297 1769 434 1856 Cruquii
446 1784 479 1833 et
489 1769 600 1834 Pierio
610 1769 786 1834 Valeriano
798 1768 862 1834 sibi
875 1769 1074 1834 informavit.
1090 1768 1246 1852 Quamvis

202 1891 309 1943 autern
321 1878 400 1944 odio
410 1879 549 1943 Bentleii
562 1877 603 1943 ed
615 1879 803 1967 superbiam
812 1879 948 1944 vertisse
960 1877 1122 1955 videatur,
1135 1899 1246 1941 emen·
1294 1873 1295 1878 ’

203 1986 351 2052 dationes
365 2003 475 2053 tamen
488 1991 558 2074 ejus
570 2005 749 2056 censentur
765 1987 960 2052 doctissime
971 2009 1041 2052 esse
1053 2001 1086 2051 et
1099 1986 1247 2073 ingenio-

203 2096 351 2175 sissimae,
370 2119 472 2186 saepe,
491 2113 528 2161 ut
547 2098 598 2162 Cl.
619 2098 692 2160 Jani
711 2097 889 2175 existimat,
909 2097 936 2160 si
957 2095 999 2160 ed
1019 2069 1107 2182 leges
1126 2095 1246 2158 criticae

204 2205 423 2285 excutiantur,
443 2229 506 2294 pro
526 2207 622 2271 unice
636 2205 723 2271 veris
737 2206 936 2276 lectionibus
947 2204 1122 2269 habende.
1141 2203 1246 2305 litium

202 2318 271 2401 ejus
291 2315 422 2381 audacia
442 2317 572 2382 videtur
594 2316 725 2394 melior,
745 2339 843 2403 quam
864 2317 1002 2380 aliorum
1024 2313 1158 2379 indocte
1176 2336 1247 2378 mo·
1339 2328 1340 2332 ’

200 2426 318 2505 destia3
332 2426 420 2492 unde
431 2428 538 2516 ipsum
554 2406 657 2494 unum
671 2429 837 2506 omnium,
854 2427 910 2515 qui
927 2427 962 2491 in
981 2426 1151 2494 Horatium
1167 2425 1257 2515 ecri-¹

199 2552 353 2625 pserunt,
372 2537 564 2602 criticorum
585 2538 788 2626 principem,
811 2537 938 2626 ipsique
953 2535 1104 2602 Bentleio
1124 2535 1246 2599 antefe-

200 2646 340 2712 rendum
354 2646 570 2735 pronuntiare
584 2645 673 2710 haud
687 2641 815 2712 dubitat
829 2645 917 2710 Jani.

247 2793 330 2874 -Q.
340 2789 469 2855 Horatii
476 2792 590 2855 Flacci
602 2793 718 2880 Opera.
739 2791 843 2858 Index
856 2787 1053 2856 variantium
1066 2765 1246 2851 lectionum

201 2899 385 2988 insignioris
401 2915 501 2980 notae,
515 2923 585 2993 quae
602 2901 720 2988 passim
739 2902 774 2964 in
795 2905 869 2966 Mss.
886 2912 1078 2964 occurrunt.
1098 2895 1245 2972 nubunt,

201 3032 262 3096 per
276 3009 433 3091 Grieson,
453 3011 504 3073 12.

248 3155 341 3218 1725.
361 3153 734 3232 scearamtondini,
751 3176 812 3242 per
826 3158 858 3218 J.
874 3154 1001 3242 Batley,
1019 3156 1049 3217 8.

245 3265 343 3328 Novae
359 3279 462 3344 note,
476 3288 548 3353 qaae
566 3263 642 3329 huie
660 3263 714 3328 ed.
736 3286 923 3342 accessere,
942 3263 1102 3334 stricturae
1120 3277 1195 3327 suut
1211 3261 1245 3326 iu

201 3375 402 3455 Bentleium,
428 3374 470 3440 de
496 3376 615 3466 quibus
647 3391 758 3441 tamen
785 3375 851 3442 dici
876 3392 1008 3464 potest:
1032 3371 1246 3460 πολλὰμάτην

202 3494 354 3583 κεράεσσιν
371 3491 399 3566 ἐς
415 3492 489 3582 ἠέρα
504 3491 720 3578 θυμαίνουσαι.

248 3631 343 3692 1727.
369 3603 1154 3712 occeanum.amstetsweastenuvou.12.
1219 3626 1223 3634 “

247 3775 342 3838 1Ι28.
370 3776 408 3855 Q.
422 3777 574 3840 Horatius
586 3777 730 3854 Flaccus,
744 3801 785 3842 ex
801 3779 996 3844 recensione
1014 3795 1047 3843 et
1066 3791 1143 3842 cum'
1159 3779 1245 3844 notis

192 3902 296 3973 ,atque
313 3885 605 3950 Emendatiouibus
618 3883 712 3960 Rich.
725 3887 876 3952 Bentleii.
892 3887 952 3980 Ed.
968 3891 1024 3966 ΙΙΙ,
1041 3911 1117 3952 curn
1133 3885 1242 3951 indice

200 3991 468 4080 locupletissimo.
486 3993 618 4059 Amstcl.
636 3997 795 4059 Weteten.
815 3999 845 4060 Ι.
1114 3983 1117 3992 ’
