2906 4694
446 323 724 392 conlemus
750 327 868 424 uss·
1131 333 1174 425 75

135 461 265 526 scholiis
279 459 544 523 interlinearibus
558 475 591 522 et
607 437 839 548 marginalibus
855 464 930 526 satis
946 465 1065 551 ineptis
1081 482 1113 530 et
1129 469 1177 532 in-

134 565 234 652 sulsis.
246 571 284 630 ln
295 579 386 640 terto
396 587 465 632 non
472 565 691 653 nisirulgares
701 568 924 635 aberrationes
933 570 1171 659 deprehendas.

4 689 6 724 ³
136 675 264 742 claudit
275 675 397 738 librum
408 675 538 740 versus:

310 802 360 868 Qui
373 811 396 854 te
407 803 528 882 scribebat
537 789 784 856 hermannus'nonten
795 805 908 857 habebat.
1009 815 1023 830 ²

4 989 5 1008 ,
179 919 209 979 t.
228 915 305 978 Cod.
320 919 461 999 August.
472 938 507 982 n.
522 917 576 993 50,
587 917 620 993 t,
630 906 852 984 membranae.
866 935 1000 1002 octavae,
1011 942 1109 1006 quam
1121 946 1178 988 vo·
1309 975 1311 980 .

4 1027 6 1048 ’
137 1039 223 1102 cent,
233 1023 359 1088 formae.
374 1023 615 1091 Habettantum
625 1028 735 1090 Artem
738 1029 894 1114 poeticam
904 1049 978 1091 cum
987 1027 1119 1094 scholiis
1128 1031 1175 1094 in-

137 1147 187 1196 ter
197 1132 308 1196 lineas.
319 1131 492 1196 Lectiones
501 1132 599 1196 offert
607 1133 712 1197 ubivis
721 1134 845 1200 obvias.

182 1247 216 1305 5.
227 1243 303 1306 cod.
315 1245 453 1326 August.
465 1263 501 1304 n.
515 1243 569 1320 81,
581 1241 703 1319 31,f01.
720 1241 924 1321 chartaceus,
937 1245 1076 1308 Acronis
1088 1267 1175 1310 com·

138 1353 330 1418 monterium
342 1352 376 1416 in
390 1351 515 1415 Horatii
528 1351 698 1429 Carmina,
717 1355 828 1416 Artem
844 1368 934 1438 poet.
955 1365 987 1415 et
1002 1352 1176 1438 Sermones

137 1461 336 1548 complexus.
1210 1545 1213 1554 ι

45 1561 49 1570 ’
179 1575 211 1634 6.
232 1569 312 1633 Cod.
328 1561 412 1633 'Gau
430 1591 464 1632 n.
487 1567 632 1646 160,f01.
647 1567 831 1632 membran.
848 1589 921 1632 saec.
937 1571 1021 1645 XIV,
1037 1581 1176 1630 exeunte

4 1659 5 1676 ¹
137 1680 287 1767 scriptus,
302 1679 422 1742 sotem
436 1659 534 1742 oiicrt
546 1680 578 1742 in
592 1677 754 1765 Epistolas
767 1680 971 1754 eescmoms,
985 1675 1094 1760 digna,
1108 1698 1177 1762 quae

137 1787 334 1875 bibliopegis
348 1787 470 1856 utenda
482 1786 664 1852 tradantur.
681 1791 779 1851 Forte
797 1789 866 1874 ipse
883 1787 927 1849 ita
942 1785 1044 1849 sensit
1060 1784 1178 1849 exscri-

136 1913 228 1984 ptor,
242 1897 300 1982 qui
313 1895 407 1960 taedio
419 1897 522 1960 victus
535 1920 566 1960 v.
586 1899 627 1959 ta
648 1897 752 1960 Serm.
767 1897 824 1960 ult.
838 1895 894 1960 lib.
910 1897 952 1975 lt,
965 1918 1039 1959 cum
1049 1887 1175 1958 verbis:

140 2035 154 2064 a
166 2020 202 2069 et
214 2019 327 2067 cetera
340 2033 353 2062 a
367 2005 461 2069 finem
483 2005 579 2092 operi
597 2007 762 2093 imposuit,
779 2005 904 2090 adjecta
922 2003 1175 2092 apprecationc:
1219 2073 1224 2080 ,

141 2144 155 2172 a
168 2115 215 2176 Te
226 2116 333 2176 Deum
347 2113 519 2180 laudamus.
537 2145 550 2172 n

186 2223 215 2284 7.
237 2222 311 2286 Cod.
329 2221 409 2306 Gud.
424 2248 457 2287 n.
475 2226 550 2303 323,
564 2225 693 2291 octonis
705 2227 862 2314 scriptus,
878 2227 1040 2292 scholtiit'a
1051 2225 1180 2288 Horatii

134 2333 301 2422 Epistulas
312 2347 340 2398 et
351 2333 468 2398 wirae
480 2335 641 2413 continet,
657 2337 802 2422 ejusdem
813 2337 924 2402 farinae
937 2359 974 2401 ac
986 2333 1129 2422 praeced.
1142 2337 1177 2396 ln

134 2441 244 2508 fronte
266 2441 408 2541 legitur:
436 2473 450 2502 ιι
469 2447 561 2510 Dnus
584 2445 774 2510 Gherardtts
796 2446 836 2510 dc
860 2445 1047 2511 Pochhcest
1070 2442 1178 2510 Abbas

135 2548 369 2637 egmondensis
382 2573 435 2616 me
447 2540 713 2618 renovavimn.
728 2555 822 2620 1406.
833 2557 936 2617 »Turn
947 2553 988 2616 ah
998 2551 1177 2624 aliamanu,

134 2660 221 2726 {orte
243 2660 344 2746 ipsius
362 2666 400 2725 P.
421 2661 597 2728 Scriverii:
619 2691 634 2724 a
653 2667 700 2728 Ex
719 2663 847 2752 direpta
865 2663 947 2726 bibl.
973 2655 1178 2747 Egmondani

135 2769 280 2836 coenobii
293 2771 328 2835 in
343 2771 516 2860 Hoilandia
532 2772 619 2838 hunc
637 2773 757 2839 librum
771 2773 950 2846 vindicavit
961 2775 1079 2836 Petrus
1094 2769 1178 2832 Scri·

135 2880 256 2944 verius.
275 2907 290 2936 ι
526 2857 532 2866 ’
1261 2945 1275 2975 x

179 2987 210 3048 8.
230 2986 310 3052 Cod.
329 2988 411 3051 Gud.
425 3011 460 3051 n.
477 2993 531 3068 85,
546 2990 768 3054 membranae.
787 2991 821 3053 in
835 2994 868 3068 i,
890 3013 961 3052 saec.
978 2993 1050 3052 Xlll
1072 3011 1179 3052 exara·

134 3109 199 3172 tus,
215 3097 459 3183 Porphyrium
471 3097 617 3178 exhibet,
631 3121 729 3164 manu
743 3101 817 3164 satis
829 3100 991 3192 luculenta
1009 3099 1175 3186 scriptum.

421 3345 430 3350 ,
455 3277 623 3342 CODEX
645 3278 858 3342 BARTHII.

183 3427 429 3514 Commemorat
437 3429 494 3494 vir
506 3425 729 3514 doctissimus,
744 3428 880 3492 Advers.
897 3431 1025 3506 XXXV,
1039 3429 1076 3505 2,
1090 3427 1179 3492 codi-

133 3555 207 3598 cem
221 3549 257 3598 ut
268 3535 323 3614 ait,
334 3536 531 3602 venerande
544 3539 721 3618 vetustatis,
733 3538 882 3604 DCCCC
896 3559 1068 3614 annorum,
1082 3551 1178 3623 atque

133 3669 174 3708 ex
188 3669 229 3709 eo
243 3645 374 3732 profert
387 3645 547 3732 quaedam3
564 3647 622 3712 sed
634 3671 742 3735 neque
756 3647 892 3734 amplius
905 3647 997 3712 iilum
1008 3646 1179 3724 describit,
1205 3635 1207 3639 ’

132 3776 194 3819 nec
205 3753 326 3818 urbem
339 3753 491 3840 quidem,
510 3754 565 3818 ubi
583 3777 657 3818 cum
674 3753 805 3834 viderit,
821 3753 979 3818 nominat.
997 3751 1111 3852 Facilis
1127 3753 1176 3816 ni-

133 3863 233 3928 mium
246 3879 321 3928 crat
333 3861 447 3927 Barth.
463 3865 496 3928 in
512 3863 738 3928 constituenda
752 3863 903 3928 codicum
919 3879 1021 3926 aetate.
1032 3861 1106 3926 tid.
1128 3859 1177 3924 lli.

134 3975 240 4064 Heyn.
258 3970 390 4038 elench.
406 3973 504 4038 codd.
516 3974 605 4067 Virg.
616 3977 707 4039 Tom.
725 3979 750 4053 i,
766 3999 798 4060 p.
815 3973 943 4038 xxxu.
