2994 4684
282 424 346 493 180
472 405 474 412 '
643 414 708 481 ou
731 413 938 481 nostrii

324 554 415 616 issi.
441 553 478 631 Q.
500 546 866 610 monstrassem
880 547 1039 610 noeman.
1062 547 1205 612 Venetus
1219 517 1321 646 apsa

280 661 355 726 loh.
371 655 565 744 Gryphium,
581 653 637 718 sol.

319 766 440 850 Dougl.
454 787 493 850 p.¹
507 763 557 825 12.

323 939 355 948 -
365 901 405 980 Q.
415 897 541 963 Homeri
549 897 662 960 Flacci
669 897 883 984 Epistolarom
897 899 971 962 libri
978 897 1054 974 duo,
1067 913 1102 962 ot
1114 900 1149 962 in
1163 921 1216 962 eas
1227 921 1307 986 pre:

280 1006 437 1071 lectiones
447 1003 640 1070 methodica
651 1041 687 1050 -
699 1024 761 1090 per
773 1002 887 1068 Claud.
905 1004 1048 1082 Minoem,
1059 1003 1303 1070 Divionensem.
1345 1090 1350 1096 ι

273 1113 401 1177 Parisiis
412 1109 498 1200 opud
508 1109 639 1176 Duvall.
656 1111 687 1172 4.

316 1220 456 1286 Libellus
471 1221 537 1303 jam
553 1240 582 1282 a.
604 1219 682 1280 1575
701 1217 884 1304 impressus.
904 1218 941 1282 ln
957 1218 1057 1305 Epist.
1074 1239 1218 1307 nuncup.
1235 1221 1309 1284 sub-

275 1331 414 1418 scriptus
428 1343 477 1394 est
488 1351 517 1392 a.
532 1329 628 1406 1578,
643 1340 685 1391 ut¹
697 1325 778 1392 odeo
796 1341 846 1391 ter
864 1327 1029 1414 evulgatus
1046 1329 1097 1392 sit.
1115 1333 1152 1392 ln
1166 1328 1248 1393 Bibl.
1264 1329 1310 1394 du

277 1423 351 1516 ltoi,
364 1417 606 1524 Belloi-Latinas
619 1447 818 1499 memorauit
831 1447 961 1520 typogr.
976 1431 1078 1524 AEgid.
1093 1437 1188 1521 Beys.

324 1621 359 1632 -
367 1586 406 1664 Q.
414 1584 540 1645 Homut·
547 1581 659 1644 Flacci
667 1579 821 1643 Sermones
829 1591 857 1640 et
864 1578 1028 1666 Epistola,
1040 1601 1115 1643 eum
1126 1578 1203 1643 Jod.
1216 1575 1307 1642 Badii

225 1695 230 1702 '
279 1679 424 1755 Hscensii
440 1688 680 1776 explanatione,
693 1687 734 1750 ab
751 1684 867 1749 eodem
885 1683 1068 1770 diligentius
1083 1686 1263 1771 recognita,
1276 1701 1310 1749 et

278 1799 312 1862 in
324 1798 424 1884 Epist.
439 1793 618 1881 praesertim
637 1807 670 1856 et
689 1807 782 1856 aucta
797 1807 830 1854 et
842 1791 995 1877 reposita.
1016 1791 1158 1873 Parisiis,
1178 1814 1239 1880 per
1254 1796 1308 1856 lo.

282 1904 444 1981 Graniou,
459 1903 490 1966 l.

203 2037 206 2046 ’
310 2083 358 2112 ,-·
373 2049 412 2127 Q.
429 2045 554 2106 Horatii
569 2043 677 2105 Flaoot'
693 2041 906 2127 Epistolarum
928 2041 1004 2102 liber
1017 2043 1047 2116 I,
1070 2062 1144 2104 cum
1163 2038 1311 2118 scholiis,

280 2173 397 2215 comm.
413 2165 446 2215 et
459 2147 667 2236 argumentis.
682 2147 825 2224 Parisiis,
842 2149 872 2209 l.
954 2139 958 2148 “

329 2298 364 2339 -ss
378 2294 416 2372 Q.
427 2291 556 2353 Horatii
560 2289 669 2354 Flacci
673 2289 807 2375 Epodon
820 2289 906 2366 liber,
918 2295 991 2352 cum
1001 2291 1145 2353 carmine
1157 2290 1313 2366 saeculari,

284 2399 325 2464 ad
350 2399 548 2486 optimorum
576 2397 809 2484 exemplarium
836 2395 933 2462 fidem
959 2395 1158 2462 emendatus.
1184 2399 1314 2462 Lutetiae

283 2503 369 2591 apud
380 2503 459 2568 Fed.
475 2501 658 2580 llorellunr,
674 2504 706 2563 4.

330 2628 616 2728 -JosHofiommi
627 2644 765 2703 Proteus
776 2637 982 2702 Horatianus.
998 2643 1070 2703 Bas.
1089 2641 1121 2704 8.

246 2853 248 2858 ,
332 2817 367 2828 -
378 2773 560 2842 Bemordini
568 2775 747 2851 Parthenii,
763 2775 912 2862 Spilimb.
930 2775 965 2840 in
980 2779 1022 2860 Q.
1040 2779 1080 2840 H.
1100 2776 1147 2840 Fl.
1163 2777 1317 2842 Carmina

284 2901 380 2976 atque
400 2884 532 2974 Epodos
552 2873 797 2968 commentarii,
818 2883 934 2970 quibus
954 2899 1058 2971 poetae
1077 2886 1263 2964 artificium,
1283 2901 1316 2950 et

285 3000 336 3064 via
347 2997 389 3062 ad
400 2996 613 3062 imitationem
630 3009 727 3081 atque
739 2992 780 3058 ad
791 2994 919 3081 poetice
935 2994 1143 3072 scribendum
1159 2997 1316 3082 aperitur.

286 3104 430 3170 Venetiis
444 3102 534 3199 sputi
541 3101 680 3166 Nicolin.
698 3101 730 3163 l.
1080 3167 1088 3188 Ι,

326 3212 478 3298 Adjeetus
500 3225 550 3275 est
571 3225 675 3274 textus
691 3209 820 3302 Horatii
841 3231 859 3274 a
880 3210 1075 3290 parthenie,
1095 3211 1150 3298 qui
1168 3213 1324 3300 sequenti.

286 3319 449 3383 volumine
461 3317 570 3384 omnia
583 3321 666 3384 Hor.
681 3341 782 3404 opera
795 3317 942 3382 absolvit.

332 3499 366 3510 ·—
381 3465 419 3543 Q.
434 3463 562 3526 Horatii
576 3464 689 3526 Flacci
702 3463 877 3526 &mum
896 3462 952 3524 lib.
966 3465 1035 3539 IV,
1054 3485 1111 3531 seu
1128 3465 1317 3550 Satyrorum

286 3569 361 3636 libri
383 3567 469 3649 duo,
493 3569 709 3657 Epistolarum
733 3569 808 3634 libri
836 3567 921 3648 duo,
945 3592 1019 3634 eum
1043 3572 1250 3658 Argumentis
1276 3571 1318 3636 ad

285 3679 429 3742 lectoris
440 3679 597 3761 majorem
607 3676 802 3742 facilitatem.
818 3679 935 3742 Venet.
950 3675 1036 3764 apud
1047 3677 1186 3741 Nicolin.
1201 3679 1233 3740 l.

332 3803 433 3871 caut.
446 3803 530 3868 Bibl.
542 3805 662 3870 Harlei.
674 3807 701 3884 1,
714 3806 787 3881 1813
801 3805 904 3870 Goeta.
916 3805 1118 3871 Memorabb.
1127 3809 1185 3883 Ill,
1195 3828 1229 3893 p.
1240 3807 1318 3870 294.

288 3917 344 3978 Est
354 3918 433 3978 Pars
445 3915 473 3976 ll
486 3912 539 3978 ed.
551 3913 729 3980 Parthenii.
746 3915 795 3979 Cf.
811 3915 895 3980 Bibl.
909 3915 1024 3981 Smitlr.
1040 3939 1073 4002 p.
1088 3915 1260 3980 ccxxxi.
