2994 4684
190 323 195 339 '
296 359 360 432 ,ac
594 429 607 444 ,
656 351 722 420 us
746 351 952 420 1101111111

337 495 429 556 1596.
460 493 584 552 Recnsa
606 485 640 551 11.
666 509 695 550 a.
721 486 846 550 Horatii
874 485 974 550 editio
1001 483 1208 550 Lambiniana
1230 483 1320 572 apud
1395 555 1397 562 ,

174 591 179 598 ’
287 595 399 665 heled.
415 601 452 662 A.
468 593 613 660 Wechel.
630 595 782 660 Francos.
802 597 833 658 4.

328 705 475 793 Repetita
493 725 623 790 quoque
638 703 708 768 Nic.
727 702 903 768 Frischlini
923 701 1183 790 Parapbrasisin
1202 703 1316 766 Horat.

286 813 500 902 Epistularum
511 811 568 876 lib.
583 815 663 890 1‚11.
681 813 834 880 Francos.
850 813 880 878 8.
899 811 948 878 Cl.
964 834 993 878 a.
1010 813 1104 878 1586.

332 964 425 1027 1591.
451 965 490 1045 Q.
505 965 634 1028 Horatii
645 965 759 1028 Flacci
772 965 889 1054 Opera,
913 985 987 1028 cum
1005 961 1212 1028 uberioribus
1230 983 1319 1026 com·

287 1071 450 1134 mentariis
462 1073 499 1134 P.
517 1071 559 1135 G.
575 1069 740 1136 Chabotii.
757 1071 901 1152 Basileia,
915 1069 971 1134 lol.

332 1237 367 1248 -
381 1204 420 1284 Q.
432 1203 559 1266 Horatii
567 1203 680 1267 Flacci
690 1203 805 1291 Opera,
824 1221 899 1266 cum
916 1213 1093 1266 comment.
1111 1213 1176 1264 vet.
1197 1211 1230 1266 et
1245 1201 1315 1260 lac.

287 1309 430 1395 Cruquii.
449 1313 664 1374 decesserunt
676 1311 750 1374 Jani
767 1313 885 1374 Dousac
902 1309 936 1372 in
954 1307 1094 1374 eundem
1113 1307 1319 1371 Commenta·

286 1416 397 1495 riolos,
409 1440 473 1481 una
482 1440 556 1482 cum
565 1419 757 1484 succidanea
769 1418 950 1506 appendice
961 1418 1001 1484 ad
1009 1417 1211 1506 superiorem
1220 1417 1318 1480 Com-

284 1525 421 1587 mentar.
436 1528 518 1590 Item
530 1525 707 1592 auctarium
720 1525 995 1592 Commentatoris
1006 1523 1128 1590 veteris
1140 1545 1158 1587 a
1172 1522 1317 1610 Cruquio

286 1633 374 1700 editi.
390 1633 493 1720 Lugd.
508 1639 577 1698 Bat.
594 1657 633 1698 ex
646 1615 731 1698 offic.
745 1633 888 1699 Plantin.
904 1636 936 1698 l.
972 1619 976 1632 ¹

328 1735 495 1831 Repetitus
506 1761 636 1832 quoque
649 1742 683 1807 h.
698 1765 727 1810 a.
745 1759 794 1808 est
805 1742 956 1808 Horatius
965 1723 1111 1806 lambibi
1123 1738 1223 1825 bugd.
1239 1741 1272 1816 4,
1285 1753 1320 1801 et

285 1872 359 1914 cum
369 1849 562 1938 Paraphrasi
574 1851 690 1928 Cerati,
701 1849 801 1916 editio
812 1867 977 1938 postrema
990 1864 1023 1914 et
1033 1849 1169 1916 auctior.
1180 1851 1319 1914 Veronae

285 1954 372 2048 apud
382 1959 420 2018 P.
435 1955 634 2034 Discrolum,
648 1958 680 2019 4.
702 1970 708 1978 '

331 2105 425 2168 ross.
447 2107 486 2186 Q.
494 2107 750 2182 cometarum,
764 2128 805 2170 ex
819 2105 882 2170 soe
896 2119 1042 2170 veterum
1056 2087 1312 2170 cedrenum.

287 2213 371 2300 typis
383 2215 425 2278 Μ.
438 2211 515 2278 Joh.
532 2213 694 2294 Cratonis,
710 2215 741 2278 8.
764 2286 765 2295 ¹

328 2321 504 2386 vanissima
516 2319 602 2386 haud
614 2321 712 2386 dubie
725 2321 807 2386 tituli
819 2321 991 2410 professio,
1002 2343 1099 2410 quem
1110 2320 1198 2386 forte
1208 2319 1317 2386 editor

242 2439 248 2497 ζ»
286 2451 304 2490 a
316 2421 464 2494 Lambini
476 2427 620 2494 editione
632 2444 793 2494 mutuatus
805 2445 865 2494 est.

331 2595 366 2604 -
378 2559 416 2639 Q.
429 2559 557 2620 Horatii
565 2559 688 2634 Flacci,
702 2581 779 2624 cura
791 2561 853 2624 Ge.
867 2529 1017 2624 Fabricii.
1032 2559 1159 2648 Lipsiae,
1174 2561 1205 2624 8.

332 2709 425 2770 1599.
446 2708 587 2772 Eiilaarul.
601 2711 718 2772 Labori
730 2709 763 2773 in
775 2713 817 2794 Q.
829 2713 869 2773 H.
882 2711 931 2773 Fl.
945 2714 1098 2775 Poemata
1108 2707 1319 2796 paraphrasis

251 2825 254 2834 ’
286 2813 486 2882 scholiastica
506 2839 610 2895 nova,
630 2839 695 2903 qua
713 2817 848 2884 retentis
865 2831 970 2904 poetas
989 2817 1098 2894 verbis
1118 2832 1152 2882 et
1172 2814 1317 2903 pedestri

284 2922 427 2988 sermoni
449 2923 578 2988 insertis
597 2939 709 2988 auctor
728 2925 933 3009 gravissimus
952 2939 985 2987 et
1002 2923 1206 3016 difficillimus
1225 2922 1318 3008 pleni

169 3113 175 3124 ¹
285 3032 509 3100 commentarii
528 3032 597 3096 vice
617 3032 763 3098 breviter
781 3047 814 3096 ct
831 3031 973 3097 dilucide
990 3033 1181 3120 explicatur.
1198 3035 1317 3096 Hosto·

286 3137 367 3216 chii,
388 3141 419 3202 4.

965 3218 1000 3279 f

296 3333 298 3348 ,
335 3305 370 3314 -
385 3269 423 3350 Q.
438 3271 563 3334 Horatii
573 3270 684 3334 Flacci
694 3272 795 3358 Opera
808 3273 920 3334 omnib.
935 3271 1087 3336 Francos.
1102 3267 1143 3334 ad
1156 3267 1221 3334 Od.
1239 3270 1270 3332 8.

328 3375 617 3464 hinsbergensem
635 3377 669 3444 b.
689 3401 718 3444 a.
739 3381 775 3456 8,
793 3377 903 3444 laudat
915 3379 1097 3464 Hirscltiag,
1114 3401 1150 3466 p.
1167 3378 1242 3440 316.
1262 3378 1319 3440 Est

285 3479 371 3546 baud
384 3480 482 3548 dubie
495 3483 593 3549 editio
606 3485 809 3564 Bersmanni,
823 3485 1106 3572 runebergensis.

333 3647 368 3656 —
377 3610 464 3674 Phil.
478 3613 605 3678 Venutii
617 3615 872 3682 Observationes
884 3617 920 3682 in
931 3617 1109 3682 Horatium.
1122 3618 1240 3680 Venet.
1257 3615 1288 3676 8.

328 3716 401 3782 Vid.
415 3740 487 3805 sup.
500 3741 529 3783 a.
547 3722 640 3784 1587.

334 3873 425 3966 16011.
450 3875 488 3955 Q.
502 3874 627 3938 Horatii
636 3879 748 3940 Flacci
761 3881 874 3966 Opera,
887 3901 960 3942 cum
973 3873 1239 3962 castigationibus
1253 3873 1314 3935 Ge.

291 3977 441 4045 Fabricii.
456 3984 606 4047 Francos.
622 3985 707 4072 apud
720 3987 833 4050 hored.
847 3986 992 4053 Wecbcl.
1011 3990 1042 4049 1.
1160 4049 1164 4060 ,
