2994 4684
260 425 326 472 110
628 398 692 464 DE
717 397 927 464 HORATII

256 537 353 602 etiam
367 534 476 623 satis),
493 531 697 618 subjecitque
713 546 807 597 noma
823 555 908 611 suas,
922 546 991 598 tum
1003 554 1072 597 var.
1090 533 1250 600 lectiones
1265 551 1300 600 et

256 646 463 728 conjecturas
482 641 584 706 viror.
606 643 680 706 DD.
702 635 844 729 denique
866 638 1011 705 indicem
1032 639 1213 706 editionum
1232 647 1300 707 Ho-

255 751 342 831 ratii,
361 749 420 816 sed
438 749 529 814 illum
549 771 567 812 e
585 747 736 814 Fabricio
753 763 858 813 totum
876 749 1120 835 transcriptum.
1139 750 1300 814 Doctrina

256 861 369 925 critica
380 860 480 948 longe
491 856 628 922 inferior
634 856 789 944 donesius
800 871 847 920 est
859 856 1077 942 Camingamio
1089 871 1123 920 et
1133 857 1296 922 Bentleio.

257 967 469 1036 Sauadonum
480 968 515 1032 iu
526 966 647 1044 multis,
660 987 732 1052 prta
746 963 792 1028 illi
803 963 938 1052 propria
949 979 1036 1043 sunt,
1050 965 1206 1052 sequitur.

293 1074 1297 1162 BasterieditionemquumrepeteretJ.M.Gesoeras,a.1752,

248 1211 328 1270 ,non
340 1189 445 1254 solum
458 1186 494 1250 in
504 1200 595 1278 textu
608 1183 804 1250 Basteriano
816 1183 954 1264 mutavit
964 1183 1123 1271 quedam,
1131 1183 1190 1248 sed
1201 1183 1297 1249 etiam

177 1366 184 1375 ,
255 1299 392 1366 ecodd.
407 1313 441 1363 et
450 1297 542 1362 editt.
555 1310 635 1362 antt.
646 1295 837 1360 varietatem
849 1294 1041 1374 lectionum,
1052 1310 1085 1360 at
1094 1293 1181 1385 illam
1190 1295 1298 1360 minus

254 1408 386 1496 plenam
404 1421 438 1470 et
458 1419 659 1482 accuratam,
676 1401 778 1467 dedit.
797 1405 924 1466 Hecusa
943 1418 993 1468 est
1008 1403 1212 1469 Gesneriana
1229 1401 1299 1468 haee

255 1515 355 1581 editio
371 1536 520 1604 nupera.
539 1513 634 1576 1772.

298 1624 449 1712 Denique
471 1645 500 1686 a.
525 1623 607 1684 1770
631 1617 786 1707 prodibat
808 1619 938 1684 Parisiis
962 1619 1116 1682 Horatius
1138 1615 1179 1682 ad
1198 1617 1298 1684 fidem

253 1735 381 1799 LXXVI
393 1729 557 1808 codicum,
569 1742 704 1792 curante
715 1726 844 1792 Abbate
855 1729 925 1792 Jos.
941 1727 1098 1792 Valartio.
1115 1724 1214 1812 Quod
1225 1749 1298 1792 non

253 1839 482 1929 accipiendum
494 1837 535 1902 de
548 1859 688 1902 numero
699 1835 807 1902 Codd.
822 1859 904 1925 quos
916 1825 1110 1924 inspexerim
1123 1859 1199 1902 nam
1210 1836 1298 1902 sorte

254 1947 381 2026 nullmn
393 1946 529 2012 omniuo
542 1945 642 2011 vidit:
656 1945 715 2010 sed
728 1945 770 2011 de
783 1947 833 2025 iis,
847 1945 888 2010 ad
899 1969 983 2033 quos
994 1946 1102 2012 adhuc
1115 1948 1267 2012 Horatius
1280 1969 1298 2010 a

253 2056 331 2121 viris
343 2055 449 2121 doctis
460 2077 616 2121 recensus
628 2069 688 2120 est.
708 2055 764 2121 Sic
781 2056 889 2144 itaque
903 2055 967 2120 hoc
982 2056 1248 2144 intelligendum,
1262 2071 1298 2121 ut

254 2185 329 2230 eum
353 2163 389 2228 in
413 2177 508 2254 ¹truttu
531 2163 762 2229 constituendo
789 2164 957 2252 principes
983 2163 1075 2230 editt.
1102 2189 1323 2254 quamquam¹

254 2295 372 2360 parum
387 2288 552 2352 accurate,
569 2272 746 2338 contulisse
761 2289 922 2360 putemus.

187 2371 193 2382 Χ
298 2383 366 2468 Qui
378 2382 505 2447 Horatii
522 2381 702 2448 editionem
714 2405 743 2446 a.
759 2385 839 2448 llll
853 2385 1028 2472 evulgavit,
1041 2385 1125 2450 Lod.
1140 2389 1299 2450 Poimiuet

255 2491 506 2578 deSimp,quum
515 2489 589 2554 satis
599 2491 715 2556 multas
723 2491 914 2558 criticorum
922 2492 1301 2559 emendationesincon-

255 2613 380 2664 textum
392 2597 531 2687 recepit,
545 2612 614 2662 tum
624 2598 706 2686 ipse,
719 2599 868 2688 inprimis
880 2601 914 2666 in
925 2600 1205 2682 distinctionibus,
1216 2625 1300 2690 quae·

256 2707 332 2772 darn
348 2707 496 2788 novavit,
511 2729 583 2796 quae
599 2729 720 2773 vereor
738 2724 776 2774 ut
791 2711 929 2798 probari
945 2711 1022 2776 viris
1037 2711 1142 2778 doctis
1158 2713 1296 2801 possint.

255 2816 394 2882 Maxime
415 2813 652 2904 improbandus
673 2832 723 2882 est
743 2820 812 2903 ejus
832 2835 988 2899 conatus,
1008 2843 1074 2908 quo
1096 2835 1162 2885 tam
1182 2819 1300 2884 multas

133 2905 139 2925 ’
252 2923 485 3004 anamodo,
502 2947 560 3014 ηρ.
575 2927 603 3002 1,
617 2927 651 3004 t,
665 2927 698 3004 v,
715 2929 748 3004 a,
763 2927 889 3006 taso
909 2929 1026 3006 u,11;
1043 2931 1102 3007 111,
1119 2931 1151 3007 s,
1168 2931 1224 3006 143
1242 2929 1298 3004 tv,

253 3037 286 3113 6,
301 3037 354 3115 12,
368 3036 403 3102 in
415 3035 510 3102 binas
522 3035 650 3114 divisitr
668 3034 748 3102 duas
760 3051 881 3117 autem,
895 3041 936 3116 ll,
951 3039 988 3114 23
1003 3041 1060 3117 Hl,
1077 3041 1130 3118 19,
1142 3038 1177 3103 in
1190 3054 1300 3102 ternas

253 3143 347 3210 adeo.
999 3155 1002 3160 '

296 3251 405 3318 Sivrio
423 3256 539 3337 majori
560 3277 635 3320 cum
654 3256 750 3320 laude
770 3255 925 3346 successit
941 3257 1018 3321 Chr.
1037 3260 1120 3320 Dav.
1137 3259 1228 3333 Jam',
1243 3256 1299 3346 qui

252 3357 385 3446 quidem
404 3356 652 3428 fundamentum
670 3364 780 3451 posuit
798 3363 960 3450 vulgatam
981 3364 1161 3428 lectionem
1171 3401 1184 3443 ,·
1197 3387 1216 3426 a
1233 3386 1298 3450 qua
1347 3405 1351 3415 ·

253 3483 362 3533 mmen
376 3467 613 3538 discedendum
628 3473 690 3536 sibi
707 3473 845 3560 putavit,
859 3473 916 3536 ubi
933 3473 1168 3552 immutandam
1182 3473 1309 3538 lectio·‘

251 3597 330 3640 nem
349 3573 526 3641 suaderent
544 3571 622 3645 artis
640 3581 760 3645 criticae
780 3580 910 3668 regulae.
933 3583 1041 3665 Quem
1058 3583 1092 3647 in
1110 3583 1210 3646 finem
1227 3601 1298 3646 non

254 3683 415 3752 Codicum
431 3687 548 3766 solum,
564 3711 647 3776 quos
664 3690 852 3770 Lambinus,
867 3692 1030 3778 Cruquius
1045 3691 1220 3778 caeterique
1233 3693 1301 3753 Ho-

252 3793 327 3857 ratii
339 3791 482 3858 editores
497 3795 723 3876 contulissent,
741 3821 889 3886 quosque
908 3799 978 3886 ipse
994 3815 1110 3864 nactus
1128 3813 1226 3874 esset,
1244 3819 1312 3860 va·-

138 3921 140 3926 ’
251 3901 400 3967 rietatem
413 3903 571 3982 enotavit,
589 3904 646 3969 sed
663 3921 696 3970 et
712 3906 788 3971 edd.
804 3923 946 3986 veteres,
962 3931 1034 3995 quaa
1050 3907 1091 3972 ad
1108 3929 1222 3972 manus
1237 3907 1300 3993 ipsi

251 4029 362 4091 erant,
386 4013 560 4099 diligenter
576 4015 761 4132 consuluit,
784 4017 945 4103 indeque,
966 4039 1037 4105 quae
1057 4017 1194 4082 Horatio
1217 4029 1301 4102 aptae
