2906 4694
465 325 768 396 ‚contemtis
791 324 894 396 mss.
1045 337 1051 356 ³
1142 299 1221 424 ‘87'

614 482 767 555 Gotho.-
937 453 943 468 .

207 637 336 699 Horatii
351 637 508 700 Sermones
526 649 552 699 et
573 637 727 700 Carmina.
755 639 802 698 Ex
821 634 979 722 Cypriani
998 631 1080 698 bibl.
1105 633 1207 700 Goth.
1346 677 1359 706 .

165 741 273 806 laudat
285 741 465 808 Montlaue.
481 746 507 821 1,
519 765 554 830 p.
572 743 646 808 600.

587 887 792 981 Gottingae:
864 861 865 867 ἵ

208 1021 335 1082 Praeter
354 1017 440 1084 Cod.
465 1017 694 1098 chartaceum,
715 1041 734 1084 a
750 1021 903 1088 Gesnero
916 1024 985 1107 jam
1007 1020 1148 1086 subinde
1168 1019 1210 1085 ad

165 1141 273 1212 partes
284 1142 437 1191 vocatum
449 1127 547 1192 alium
555 1127 762 1194 Bibliotheca
771 1127 957 1194 academica
965 1128 1111 1216 possidet
1121 1127 1206 1194 Cod.

166 1236 474 1317 membranaceum,
498 1239 537 1318 Q.
563 1238 668 1302 Omo'r'
687 1239 797 1304 Flacci
818 1238 972 1304 &morus
995 1251 1025 1302 et
1045 1240 1210 1327 Epomeus

165 1345 385 1434 complexum.
407 1348 464 1410 Est
479 1346 507 1410 ie
523 1345 716 1414 mtidiseime
736 1346 891 1436 scriptus,
906 1347 1096 1434 eaeterisque
1113 1369 1209 1414 orna·
1260 1439 1263 1446 ¹

164 1455 282 1518 mentis
292 1453 504 1520 librariorum
513 1454 589 1518 satis
598 1453 779 1519 liberaliter
789 1455 980 1533 instructus,
990 1454 1050 1520 sed
1060 1455 1115 1520 vix
1124 1455 1210 1523 ultra

166 1561 411 1649 typographicae
427 1561 624 1634 incunabula
636 1561 794 1648 adsurgit,
806 1583 843 1626 ae
856 1561 1006 1648 vulgares
1019 1561 1089 1626 sere
1097 1560 1211 1626 lectio-

163 1695 241 1736 num
263 1669 501 1762 discrepautiaa
522 1670 631 1736 offert.
655 1671 707 1738 Ad
724 1687 855 1736 nostras
877 1686 980 1736 terrae
995 1669 1139 1760 perlatus
1159 1687 1209 1736 est

162 1777 240 1844 inde
252 1777 295 1842 ab
308 1777 419 1844 ultima
429 1777 588 1868 Hesperia
600 1801 618 1842 a
629 1779 701 1844 Cel.
718 1780 882 1868 Tychsmr'o
896 1801 924 1844 a.
939 1779 1035 1843 not.

206 1891 284 1973 lpse
300 1887 449 1976 possideo
461 1889 577 1976 fragm.
590 1889 678 1954 Artis
683 1891 827 1978 poetico,
845 1889 880 1954 in
892 1888 1207 1956 membranaexara·

165 2013 249 2076 tum,
262 2011 296 2062 et
308 1997 411 2086 ipsum
425 1999 534 2063 eaeculi
544 2001 614 2077 XV,
629 2021 738 2087 neque
755 1999 819 2064 ulla
837 1999 1043 2066 memorabili
1058 1997 1209 2064 lectionb

165 2105 322 2171 varietate
333 2107 470 2196 insigne.

562 2221 658 2290 Nori
658 2213 778 2314 bergoe
790 2244 800 2288 :

203 2368 321 2434 Plures
331 2369 379 2434 ibi
389 2369 500 2436 Codd.
515 2386 656 2451 exstare,
671 2374 729 2460 qui
744 2374 798 2440 vel
815 2374 943 2461 integra
955 2372 1081 2438 Horatii
1091 2392 1212 2459 opera,.

159 2475 211 2538 vel
226 2475 408 2562 singulares
425 2479 494 2562 ejus
510 2478 638 2543 libellos
652 2481 929 2568 complectantur,
944 2481 1000 2568 qui
1014 2495 1123 2546 tamen
1137 2499 1212 2544 non

159 2583 244 2648 ultra
255 2607 330 2648 erec.
340 2587 416 2651 xlv
430 2584 617 2672 adsurgam,
628 2586 728 2652 tradit
739 2589 920 2674 Hr'reclo'ng.
938 2591 1070 2652 Zusatze
1080 2610 1113 2675 p.
1128 2587 1204 2650 262.

280 2747 435 2838 Pragce,
456 2744 492 2812 in
510 2743 594 2814 bibl.
612 2745 790 2841 principali
808 2745 1084 2838 Furstenbergia:

200 2895 330 2957 Horatii
340 2895 457 2982 Opera,
472 2895 556 2960 Cod.
575 2897 760 2962 membran.
773 2919 846 2962 saec.
859 2899 947 2974 XIV,
960 2897 998 2972 43
1015 2893 1093 2958 olim
1107 2891 1213 2956 Ducis·

159 3001 200 3064 de
211 2999 418 3066 lavantem.
432 2999 584 3086 Arljectas
596 3003 698 3068 habet
709 3007 813 3067 Leett.
828 3000 1075 3090 discrepantiae.

205 3107 352 3174 Ibidem:
370 3113 499 3176 Horatii
513 3113 599 3203 Opp.
614 3111 727 3177 itidem
741 3115 845 3176 Lectt.
861 3110 1019 3176 varietate
1031 3108 1201 3174 instructa.
1224 3181 1226 3190 ‚

163 3217 250 3283 Cod.
267 3221 407 3286 membr.
426 3243 499 3286 soc.
517 3223 608 3302 Xlll,
628 3221 681 3287 vel
700 3225 786 3301 XIV,
808 3221 839 3284 l.
859 3217 935 3286 Vid.
950 3217 1119 3304 Hrische'og
1133 3219 1208 3282 Ber·

159 3327 276 3393 clreib.
288 3331 340 3394 der
350 3333 505 3398 Bittioct.
523 3333 762 3410 Deutockloocls,
779 3347 801 3397 t.
815 3335 875 3412 lll,
888 3333 1019 3396 lurotu
1032 3351 1066 3417 p.
1080 3329 1155 3392 287.

243 3492 282 3559 In
295 3491 376 3562 bibl.
390 3492 534 3587 capitul.
550 3519 622 3588 quae
636 3495 673 3564 in
688 3494 759 3566 aede
772 3496 809 3566 S.
826 3497 862 3564 V
860 3495 905 3564 io·
917 3503 1121 3564 asservatur:

200 3649 327 3711 Horatii
338 3653 531 3740 Epistoloeet
541 3655 681 3729 Poetrae'o,
697 3653 755 3716 sol.

199 3755 354 3840 Ejusdem
369 3757 497 3824 Carmen
509 3759 665 3836 seculare,
680 3757 738 3822 sol.

119 3875 123 3882 '
198 3861 354 3948 Ejusdem
378 3867 542 3944 l'armr'no,
567 3867 597 3930 l.
621 3865 824 3953 (Hr'rsclr'ng,
847 3863 904 3930 lib.
928 3867 962 3942 l,
987 3877 1010 3925 t.
1036 3863 1099 3938 ill,
1118 3881 1151 3948 p·
1174 3861 1210 3934 Ι»

154 3991 185 4052 p.
204 3973 392 4056 210‚2ll.)
968 3971 973 3978 .

1026 4073 1067 4143 ὀί
