2994 4684
195 377 701 416 mmmmm-mmmm
706 389 1244 420 mmmmm-auu

692 551 777 644 uu

302 783 608 886 nostru
640 703 1142 890 aorrrouissos

634 1047 821 1074 ——nofi—

246 1260 343 1342 Quor
362 1259 609 1348 prestantiores
637 1259 709 1325 lere
736 1259 916 1351 scriptores
938 1274 1084 1343 veteres,
1104 1260 1146 1326 ad
1163 1281 1246 1349 quos
1311 1319 1315 1340 ,

200 1367 411 1434 illustrandos
431 1368 725 1460 emendandosque
744 1371 816 1436 Viri
838 1369 929 1436 docti
951 1370 1029 1436 inde
1051 1369 1092 1434 ab
1110 1370 1247 1437 inventa

199 1492 269 1542 arte
290 1479 529 1568 typographica
550 1479 700 1556 certatim
720 1479 826 1546 studia
844 1475 1100 1557 sua'bontnlere,
1114 1463 1254 1565 singulis

201 1585 443 1672 propemodum
455 1587 552 1652 aunis
563 1587 659 1676 plura
667 1588 768 1675 praela
777 1586 1000 1664 exercuerint,
1010 1585 1081 1650 [ieri
1089 1585 1143 1650 vix
1150 1607 1246 1672 posse

201 1694 364 1775 existimo,
374 1712 411 1761 ut
421 1697 575 1762 lectionis
589 1719 647 1764 seu
662 1712 781 1774 texum,
795 1717 894 1784 quern
907 1707 1042 1772 vocant,
1055 1691 1200 1780 origines
1210 1715 1247 1757 ac

199 1803 307 1869 fontes
316 1805 414 1892 plane
427 1803 639 1889 indagentur,
647 1801 771 1868 nedum
780 1801 878 1871 rivuli
887 1821 1003 1868 omues
1014 1801 1092 1866 inde
1099 1800 1246 1881 deducti,

201 1911 420 1999 Maeandrique
431 1912 534 1978 instar
544 1897 710 1993 ludentes,
723 1911 951 2002 expediantur.
964 1915 1049 1978 Fere
1061 1912 1151 1977 onim
1161 1909 1249 2000 quis·

201 2043 285 2108 que,
305 2035 343 2084 ut
362 2021 437 2085 alias
459 2043 586 2088 caussas
604 2035 746 2102 taceam,
768 2021 925 2090 novando
945 2019 1246 2110 interpolandoquo

201 2127 326 2217 pedum
337 2129 481 2217 vestigia,
491 2131 673 2220 vulpeculas
685 2131 800 2210 instar,
813 2130 926 2196 delere
936 2129 1249 2209 studebasno‘vum·

201 2259 267 2324 que
282 2237 345 2303 iter
361 2237 526 2325 ingressus
539 2237 647 2306 videri
660 2238 828 2327 cupiebat.
844 2240 1052 2326 Quamquam
1067 2236 1166 2324 igitur
1179 2236 1248 2304 edi·

197 2344 327 2410 tionum
338 2345 471 2434 stirpes,
483 2345 619 2410 seruilius
629 2361 663 2410 et
674 2345 890 2434 cognationes
901 2344 1069 2412 deducere
1083 2368 1121 2409 ac
1133 2343 1249 2410 distin-

198 2477 302 2540 gnere
315 2455 544 2522 difficillimum
557 2455 611 2535 sit,
628 2471 753 2536 tamen,
765 2477 867 2543 quum
882 2455 947 2520 iata
960 2477 997 2520 ac
1009 2452 1249 2520 vicissitudines
1322 2545 1325 2550 Δ
1401 2543 1409 2566 x

199 2580 390 2644 contextus,
410 2586 473 2652 per
491 2578 618 2628 tantum
641 2563 799 2651 temporis
820 2577 974 2643 tractum,
995 2561 1039 2626 ad
1058 2585 1158 2650 quem
1178 2561 1249 2627 iere

198 2671 317 2759 caligat
337 2673 444 2751 visus,
467 2671 641 2760 propagati
666 2671 831 2738 rationem
859 2671 1123 2758 mutationesque
1150 2695 1248 2738 nosse
1335 2736 1338 2745 ,

199 2801 359 2867 perquam
373 2778 571 2864 jucundum,
591 2777 634 2842 ad
654 2778 755 2844 crisin
773 2769 889 2844 autem*
904 2794 995 2844 recte
1014 2776 1248 2844 instituendam

198 2885 377 2954 admodum
388 2886 610 2954 necessarium
621 2887 676 2966 sit,
687 2887 895 2954 committere
911 2886 1015 2965 nolui,
1026 2902 1062 2950 ut
1074 2909 1177 2974 opera
1188 2887 1250 2954 ista

200 2996 234 3060 in
247 2998 384 3064 Horatio
400 3019 537 3085 prorsus
554 2996 811 3062 desideraretur.
829 3001 1031 3084 Experturus
1042 2995 1154 3082 igitur,
1167 3019 1248 3084 quo·

201 3125 302 3190 usque
314 3105 349 3170 in
361 3105 426 3170 hoc
441 3107 577 3193 negotio
593 3105 752 3194 progredi
765 3105 894 3182 liceret,
906 3103 1068 3190 simulque
1080 3103 1249 3191 pleniores

201 3213 485 3302 accuratioresque
500 3213 682 3281 editionum
698 3215 793 3300 hujus
806 3229 912 3302 poetae
930 3213 1064 3278 annales
1080 3214 1249 3280 confectu-

201 3343 258 3386 rus
269 3344 340 3388 non
352 3311 478 3390 tantum
489 3325 567 3390 edd.
583 3317 776 3412 congeriem
787 3327 883 3392 aVV.
896 3327 971 3390 DD.
986 3345 1058 3388 rem
1068 3319 1249 3392 literariam

199 3431 395 3515 augentibus
415 3433 584 3522 hucusque
606 3432 784 3521 adgestam,
798 3432 1005 3522 amplaeque,
1025 3451 1105 3520 quas
1126 3431 1248 3498 biblio-

199 3537 296 3604 theca
309 3541 506 3608 Academiea
518 3544 669 3630 Gotting.
689 3557 845 3621 asservat,
861 3541 972 3630 copias
988 3543 1185 3632 perlustravi
1202 3541 1250 3607 di-

197 3645 404 3738 ligenterque
430 3650 574 3732 excussi,
602 3650 661 3716 scd
687 3643 797 3716 etiam'
813 3649 936 3728 libros,
963 3648 1005 3714 de
1031 3649 1081 3714 rei
1107 3649 1249 3714 librariae

162 3813 175 3826 ,
198 3756 391 3842 primordiis
417 3775 643 3848 exponentes,
665 3779 703 3822 ac
728 3757 1007 3824 bibliothecarum
1031 3757 1249 3844 insigniorum

105 3903 110 3916 ·
198 3869 1248 3963 catalogos,aliosque,inquibuscdd.l{oratiinotitiamaliquam

198 3999 379 4047 occsurorc
395 3981 622 4060 memineram,
639 3977 781 4068 inspexi,
801 4002 851 4061 ac,
869 4003 997 4048 summa
1010 3979 1158 4069 quamvis
1174 3999 1251 4041 cum

1075 4089 1107 4183 7,
