2906 4694
475 331 859 420 Mommm
1041 279 1346 412 ,ffi'‘

13 486 22 585 Ἰ
135 491 315 570 ‚memoriis
326 490 478 556 litorariis
492 490 687 556 Trevoltinis
706 515 734 554 a.
757 491 853 572 1703,
869 495 960 581 Sept.
978 515 1013 583 p.
1031 496 1101 582 268·
1108 521 1181 588 sqq.

143 602 322 668 Salmasius
337 599 373 666 iu
385 599 532 668 solinum
545 617 619 689 pag.
637 603 674 678 t,
687 602 814 666 Horatii
826 603 959 668 nomina
975 595 1183 673 laudathuno

146 731 295 776 versinus
821 789 824 794 Α

246 823 334 880 Nulla
347 821 409 880 dies
421 820 518 889 abeat,
532 819 602 894 quin
618 819 692 878 linea
705 820 789 878 ducta
802 823 929 898 supersit.

145 944 208 1010 sed
218 964 286 1008 non
295 939 494 1019 cornarani,
503 959 566 1004 neo
577 937 705 1003 alterius
715 939 835 1003 veteris
844 945 949 1027 poeta
958 941 1074 1022 Latini,
1084 957 1186 1008 utnou

148 1065 250 1119 tatum
264 1033 384 1119 Carolo
395 1041 472 1115 Dati
485 1047 520 1112 iu
529 1048 594 1113 vita
606 1026 727 1136 Apellis
737 1067 811 1136 pag.
827 1041 901 1126 107',
913 1046 995 1116 bibl.
1007 1053 1186 1142 Aproniana

148 1181 223 1250 pag.
238 1161 314 1227 273.
329 1161 527 1226 Sermonum
537 1157 652 1237 libros,
665 1157 791 1222 Horatii
803 1161 966 1246 exemplo,
977 1176 1097 1246 praeter
1107 1163 1186 1226 alios

148 1267 277 1357 scripsit
287 1271 361 1333 Pet.
375 1263 570 1344 Scholhius,
583 1287 682 1352 eques
695 1279 728 1329 et
740 1277 872 1330 senator
881 1268 1040 1354 antuerp.
1056 1289 1084 1332 a.
1103 1272 1183 1334 1635

146 1376 337 1457 defunctus,
350 1396 433 1464 quos
447 1373 689 1440 commentariis
701 1373 797 1438 etiam
808 1371 979 1440 illustravit
992 1373 1144 1442 hibertus
1155 1377 1185 1443 lo

146 1489 218 1577 Roy
227 1489 253 1566 ¹,
264 1485 409 1551 Eremita
418 1482 680 1572 Augustinianus‚
694 1481 877 1570 Horbipoli,
894 1483 988 1562 1683,
1002 1485 1034 1546 8.

189 1599 255 1662 Ars
275 1595 405 1660 Poetica
424 1594 547 1682 scripta
567 1589 609 1657 ad
625 1593 779 1671 Pisones,
800 1607 929 1679 patrem
947 1589 1102 1658 etliliost
1125 1592 1186 1660 hos

145 1705 236 1771 enim
246 1701 423 1790 alloquitur
434 1703 600 1780 versoll,

249 1879 257 1892 .
279 1878 286 1892 .
309 1877 316 1889 .
340 1877 346 1890 .
366 1837 457 1904 Pater,
472 1847 500 1892 et
510 1835 643 1908 juvenes,
656 1845 738 1909 patre
751 1833 838 1912 digni.

192 1951 372 2017 Suetonius
387 1951 420 2015 in
434 1954 499 2018 rita
510 1961 659 2031 testatur,
668 1951 796 2017 venius
809 1951 844 2016 in
855 1973 968 2018 manus
980 1973 1053 2019 suas
1067 1971 1100 2018 et
1112 1953 1160 2020 El
1173 1991 1186 2006 -
1306 1974 1311 1983 ·

144 2085 209 2150 gos
223 2061 284 2164 suh
296 2061 418 2126 Horatii
432 2062 544 2141 titulo,
561 2077 595 2127 et
608 2063 788 2151 Epistolam
803 2083 901 2148 prosa
917 2063 1082 2144 oratione,
1096 2063 1187 2152 quasi

144 2171 408 2238 commendantis
422 2193 457 2236 se
465 2169 644 2236 Maecenati.
659 2200 673 2228 ι
685 2170 752 2234 Sed
760 2173 1029 2258 utraque,t'nqait‚
1042 2171 1121 2237 falsa
1128 2197 1187 2262 pu-

145 2293 192 2345 to.
210 2283 291 2344 Nam
304 2279 388 2365 elegi
401 2279 563 2364 vulgares,
577 2277 712 2364 epistola
725 2293 833 2342 autem
849 2279 1005 2358 obscura,
1022 2303 1088 2367 quo
1105 2275 1184 2348 vitio

142 2389 279 2454 minimo
289 2387 476 2452 tenebatur.
490 2415 504 2444 ι
516 2389 640 2451 Auctor
651 2386 727 2450 libri
738 2386 782 2450 de
791 2385 1048 2477 orthographia,
1059 2389 1115 2476 qui
1123 2391 1185 2454 Be·

92 2513 95 2516 ·
142 2497 191 2563 do
201 2495 305 2584 vulgo
317 2493 484 2574 tribuitur,
494 2519 528 2583 p.
543 2497 629 2559 2800
639 2494 717 2559 edit.
726 2493 889 2560 ‘Potachiia
904 2497 1086 2562 «Nonnulli
1094 2513 1185 2563 vete·

142 2627 217 2672 rum
226 2607 299 2696 ipsa
310 2601 456 2670 sumina
466 2603 551 2670 soles
563 2605 747 2683 nominare,
758 2603 842 2668 siout
852 2605 1004 2670 Horatius
1015 2605 1050 2670 in
1062 2605 1184 2693 prinei-

141 2716 197 2805 pio
209 2713 379 2800 enjusdam
387 2712 573 2807 voluminis,
583 2712 674 2800 quod
683 2713 727 2777 its
735 2707 870 2777 exorsus
880 2727 947 2777 ost:
961 2743 979 2799 ¹³.
989 2713 1082 2780 Solos
1091 2735 1183 2781 meos

140 2818 1182 2909 omniEcolesioefflarth.Lll,4‚legitEtcsioe)vestraaoommen·
1298 2855 1303 2906 '.

141 2934 198 3001 do.
217 2934 261 3000 Et
270 2937 380 2998 Maro:
397 2947 482 3018 saepo
501 2951 563 3017 ogo
578 2931 695 3016 longos
712 2927 884 2994 Cantando
898 2949 1037 3014 puerum
1050 2929 1183 2994 morniui

143 3063 197 3108 ma
210 3039 359 3107 condere
369 3039 467 3105 soles.
512 3043 516 3050 '

308 3157 937 3276 'fflfflmfflwmffi

188 3371 307 3436 Multos
320 3368 556 3466 Grantmatioos
569 3381 698 3432 ratores
711 3365 907 3450 interpretes
918 3371 1014 3423 nacta
1029 3371 1104 3421 sunt
1114 3355 1180 3422 llo·

140 3479 215 3548 ratii
224 3481 378 3546 Carmina
385 3527 394 3559 ‚
407 3475 466 3543 sed
476 3495 617 3564 quorum
627 3488 702 3538 aetas
713 3469 842 3543 definiri
852 3490 920 3532 non
932 3479 1051 3554 potest.
1065 3463 1177 3528 Primo

140 3591 215 3659 loco
226 3592 364 3680 ponitur
374 3591 411 3653 in
425 3585 502 3652 edd.
514 3588 641 3683 Aaron,
655 3583 708 3647 oui
718 3579 851 3669 praefert
866 3572 1106 3663 interpretandi
1118 3573 1180 3638 sol-

138 3697 233 3766 lertia
243 3697 491 3788 Porphyrionem
501 3687 661 3761 Varassor
672 3689 714 3754 de
726 3689 760 3756 vi
775 3701 809 3754 at
823 3709 882 3753 usu
899 3683 1079 3752 verborum
1097 3705 1178 3769 quo·
1303 3765 1305 3770 ,

139 3801 290 3894 rundanr.
312 3805 419 3878 fleur.
443 3799 626 3889 Stephanus
648 3810 798 3898 testatio,
819 3793 853 3860 in
876 3795 944 3860 MS.
970 3789 1178 3878 Pomponiam
1298 3795 1301 3802 '

175 3965 198 4004 a.
220 3949 282 4004 Aru
293 3951 372 4020 Erus.
388 3961 454 4003 rost
467 3989 475 4014 ‚
487 3927 539 4018 pag.
554 3959 614 4000 aas.

1000 4031 1032 4110 4.
