3014 4678
286 390 351 487 196
653 385 718 451 on
742 383 952 452 uontru

331 567 366 576 -
395 531 434 610 Q.
462 525 591 587 Horatii
604 523 729 586 ‚Flacci
754 521 850 598 Odoe,
874 521 1029 609 Epistola
1053 535 1083 585 ct
1103 525 1168 586 Ars
1187 523 1322 608 poetica.

278 635 412 702 tmstel.
431 637 462 697 8.

323 783 417 846 1661.
440 779 495 845 Ge.
510 778 584 842 Ctr.
601 777 896 844 Cadcmutchiss.
912 745 1011 864 super
1022 730 1124 866 Epist.
1141 779 1222 842 Hor.
1236 779 1325 864 XW,

275 893 334 958 lib.
349 895 375 956 l.
393 890 490 969 Cizae,
508 891 540 952 4.

320 1037 415 1100 1668.
435 1037 474 1116 Q.
482 1035 608 1098 Horatii
617 1025 725 1097 Flacci
735 1035 899 1106 Peccata,
912 1053 988 1096 cum
1000 1046 1180 1096 comment.
1194 1034 1248 1094 Jo.
1265 1031 1321 1094 tti-

273 1145 380 1222 neilii;
392 1145 560 1234 praemisso
569 1141 641 1207 ttdi
652 1143 786 1208 Manutii
794 1141 836 1206 de
848 1141 966 1206 metris
973 1141 1157 1206 Horatianis
1167 1131 1318 1206 troctatn.

274 1254 434 1320 Roterod.
453 1255 504 1318 12.
786 1331 793 1348 ⁹

316 1369 440 1457 Saepine
451 1367 529 1432 dcin
542 1388 655 1431 recusa
668 1389 697 1428 0.
715 1366 921 1443 1673,1676,
936 1364 1030 1428 1677.

319 1518 414 1580 1670.
441 1517 480 1596 Q.
498 1517 652 1579 Horatios
664 1515 797 1578 Flaccus
819 1553 850 1561 -
871 1511 1062 1579 Schrevelii.
1079 1512 1183 1600 Lugd.
1199 1517 1268 1578 But.
1286 1529 1321 1580 et

271 1624 431 1691 Roterod.
448 1647 489 1689 ex
508 1623 594 1690 offic.
609 1623 713 1689 Hack.
731 1626 763 1687 8.

316 1739 499 1800 Memoratu
521 1733 621 1820 digna
646 1733 715 1798 hoec
740 1733 842 1799 editio
868 1731 1044 1812 hactenuS,
1064 1731 1155 1820 quod
1176 1733 1319 1820 primurn

272 1845 454 1910 Venusinae
475 1845 640 1930 Rutgcrsii
660 1843 821 1910 lectiones
842 1835 967 1908 additas
987 1843 1105 1922 habet,
1123 1867 1318 1931 quamquam

271 1968 435 2018 truncates
452 1966 548 2040 atque
567 1953 800 2040 interpolatam
813 1952 855 2017 de
867 1975 934 2040 quo
946 1953 1091 2040 graviter
1102 1955 1319 2042 conqueritur

270 2067 382 2130 Burni.
400 2061 491 2150 praef.
507 2061 549 2126 ad
561 2061 615 2126 cd.
629 2065 710 2126 ilor.
726 2085 756 2126 0.
774 2065 869 2126 1699.

317 2207 412 2268 1671.
437 2207 476 2288 Q.
490 2205 621 2269 Horatii
628 2207 737 2269 Flacci
746 2208 849 2295 Opera
853 2235 866 2284 ;
884 2175 1051 2272 recensuit
1060 2211 1139 2273 7οη.
1151 2209 1271 2289 Faber,
1282 2226 1316 2274 et

269 2315 403 2380 Notulas
420 2330 454 2379 et
470 2314 593 2378 Monita
611 2314 652 2378 ad
670 2315 760 2381 Odas
778 2315 916 2394 addidit,
933 2339 1009 2382 cum
1025 2317 1203 2405 specimine
1219 2343 1317 2386 nove

270 2425 553 2515 interpretationis
564 2425 704 2490 Salniur.
723 2429 773 2490 12.
887 2441 891 2452 ’

315 2568 409 2632 1673.
433 2569 473 2650 Q.
488 2569 615 2631 Horatii
624 2569 738 2632 Flacci
751 2571 867 2658 Opcnt,
885 2593 926 2635 ex
944 2570 1075 2636 officina
1091 2573 1235 2652 Plentin.
1251 2576 1313 2636 110-

264 2673 354 2762 phei.
373 2678 404 2740 8.

311 2819 406 2882 1676.
440 2819 479 2898 Q.
505 2817 657 2881 Homu'os
680 2819 839 2894 Flaccus,
865 2840 941 2883 cum
967 2821 1055 2886 notis
1080 2821 1314 2908 marginalibus

262 2931 316 2992 Jo.
333 2927 480 3005 Mincllii,
498 2941 532 2990 ct
547 2941 727 2991 comment.
740 2929 796 2990 Fr.
810 2927 976 3014 Reppoiti,
989 2950 1052 2992 nec
1064 2951 1135 2993 non
1146 2929 1309 3017 supplem.

262 3039 334 3101 Joa.
347 3037 479 3116 Pellem,
493 3037 512 3098 2
526 3035 605 3100 roll.
621 3036 708 3123 Lips.
728 3038 759 3100 8.

306 3147 457 3234 Repetite
471 3145 525 3211 cd.
541 3167 571 3210 0.
588 3147 683 3210 1678.
703 3143 830 3209 Eodem
847 3167 934 3209 anno
947 3145 1100 3234 Rappoiti
1112 3162 1312 3212 commentu-

261 3257 327 3321 rius
339 3257 515 3344 separatim
526 3255 651 3344 prodiit
664 3256 749 3342 Lips.
770 3258 800 3319 8.

308 3397 402 3460 1676.
433 3398 471 3477 Q.
494 3397 625 3460 Homo·
644 3397 758 3460 Flacci
777 3397 898 3484 Opera,
923 3419 942 3460 e
965 3419 1034 3462 rcc.
1059 3401 1145 3462 Dan.
1172 3396 1308 3461 Heinsii.

171 3557 176 3566 .
260 3510 362 3570 Amet.
379 3505 492 3569 Eizer.
508 3508 539 3568 8.

251 3687 259 3704 .
302 3614 376 3680 vid.
395 3638 424 3678 0.
443 3613 536 3678 1653.

306 3765 399 3826 1677.
429 3766 468 3846 (t.
490 3765 643 3829 Horatius
666 3765 818 3843 Flaccus,
841 3785 917 3829 cnm
941 3778 1120 3830 comment.
1144 3761 1204 3827 Th.
1231 3761 1310 3826 Pul-

256 3873 380 3938 manni.
397 3875 502 3938 Antw.
522 3879 572 3937 16.

299 3983 373 4052 tid.
392 4007 421 4050 0.
441 3985 536 4050 1610.
