2906 4694
470 310 745 406 coaternus,
766 311 868 378 nss.
1112 261 1114 264 ’
1142 273 1188 408 69

153 449 293 536 paullum
304 447 463 524 eminent,
472 444 530 516 sed
539 444 684 528 ejusdem
693 459 900 526 etmenus,ct
908 445 1105 510 characteris
1114 467 1188 510 cum

152 553 421 642 textu‚nisiquod
427 554 595 620 nonnullae
605 552 852 640 suntquedretae
860 553 1015 618 minores.
1029 556 1166 641 Semper
1164 557 1199 644 s

152 667 184 730 in
196 669 260 730 line
269 665 408 752 longum
420 679 453 728 et
465 665 478 726 ι’
487 663 558 750 sine
568 677 704 750 puncto.
714 665 842 726 Vocum
854 662 1049 750 compendia
1060 683 1189 750 semper
1219 673 1222 680 ’

153 775 291 854 diversa,
304 797 459 839 versuum
476 772 735 838 ordinandorum
749 772 905 859 frequens
923 771 1102 860 neglectus,
1118 795 1190 838 cor·
1276 809 1279 818 =

153 887 317 950 rectiones
340 886 393 950 uel
414 885 632 970 negligentes,
649 882 703 946 vel
722 905 901 969 perversae,
921 885 1190 949 commutationes

154 995 334 1071 literarum,
349 993 459 1056 utdet
470 1004 493 1068 t,
508 992 526 1054 b
541 1001 578 1054 st
585 1015 616 1066 a,
628 989 769 1054 scribam
779 988 1073 1053 declarantrudem
1088 1003 1121 1053 et
1132 989 1191 1052 im-

153 1103 305 1190 peritum.
320 1105 486 1186 Quantum
498 1123 517 1162 c
529 1099 690 1185 scriptura
701 1098 885 1182 ceterisque
898 1099 1095 1182 argumentis
1108 1121 1191 1162 asse·

154 1211 211 1300 qui
221 1211 337 1298 possis,
346 1208 496 1274 videatur
510 1207 563 1270 bic
577 1206 683 1272 codex
694 1207 804 1294 paullo
815 1207 983 1278 recentior
996 1207 1111 1292 priori.

200 1319 306 1382 Codex
316 1318 533 1392 Mnttrla'cmas,
547 1337 566 1378 e
578 1313 704 1379 Saeculo
716 1316 772 1389 xl,
787 1312 843 1398 qui
857 1311 935 1374 olim
946 1312 982 1374 in
994 1311 1193 1374 bibliotheca

154 1433 207 1492 Jo.
225 1432 296 1492 Jac.
317 1424 462 1492 Mentelii
478 1423 549 1500 luit,
567 1426 657 1508 cajus
671 1421 829 1512 lectiones
845 1419 1057 1505 Merquardus
1070 1419 1194 1484 Gudius

155 1535 307 1622 exemplo
319 1531 471 1622 editionis
483 1531 737 1608 Mureti,Venet.
757 1528 852 1604 1582,
869 1529 901 1604 8,
916 1524 1094 1612 adlevaret,
1106 1523 1194 1586 uude

156 1646 326 1732 adscriptae
339 1657 417 1708 sunt
428 1633 581 1728 exemplo
594 1637 744 1704 editionis
755 1635 995 1728 Dosprezianae,
1007 1631 1097 1720 quod
1108 1634 1152 1708 in,
1158 1632 1195 1694 il-

156 1755 249 1818 lustri
262 1751 463 1818 bibliotheca
476 1749 647 1814 acaderniae
664 1727 835 1833 Lipsiensis
848 1747 1007 1808 servetur.
1025 1740 1197 1825 Adscripta

156 1879 207 1930 est
220 1862 331 1928 eidem
347 1861 423 1933 haic
436 1859 616 1946 exemplari
630 1855 849 1942 Despreziano
866 1832 1062 1937 (sinteinan,
1079 1863 1116 1915 ut
1126 1846 1197 1912 dili-

159 1987 282 2057 genter
302 1967 515 2054 distingua'tur
536 1951 769 2029 electionibus
789 1959 920 2026 Codicis
937 1957 1040 2043 illius)
1060 1954 1198 2021 varietas

161 2075 315 2142 editionis
333 2061 439 2140 nitide
456 2075 658 2151 Parieiensis,
678 2095 718 2136 ex
734 2069 864 2136 officina
878 2068 1065 2134 Vascoseni.
1087 2068 1134 2128 Ex
1150 2062 1199 2126 his

162 2183 368 2251 emendanda
381 2199 468 2262 sunt,
482 2207 554 2269 quae
572 2181 605 2244 in
620 2179 760 2244 Fabricii
775 2174 926 2242 biblioth.
946 2175 1002 2240 lat.
1017 2171 1087 2257 (cd.
1105 2171 1203 2253 nov-l

159 2300 195 2360 T.
210 2299 239 2374 1,
250 2319 284 2383 p.
301 2277 383 2371 409,
392 2293 582 2368 traduntur3
596 2289 653 2354 ubi
669 2303 702 2358 et
717 2286 835 2350 dicitur
848 2285 905 2348 ille
917 2281 1023 2348 codex
1035 2275 1200 2350 nantolie-

158 2429 221 2472 nus
234 2403 383 2468 Lambini
390 2401 474 2482 ,olim
488 2398 601 2481 fuisse,
610 2393 702 2483 quod
714 2393 829 2458 falsum
842 2405 900 2454 est.
916 2395 943 2468 1,
956 2390 1011 2464 28,
1026 2389 1058 2462 ὓς
1067 2386 1126 2458 tt,
1143 2384 1202 2462 ill,

159 2509 461 2592 attentent.
1004 2507 1007 2514 '

79 2637 82 2642 '
204 2622 332 2686 Codices
347 2617 519 2706 Lipsienses
536 2629 684 2703 quatuor,
698 2610 753 2698 qui
772 2610 806 2672 in
823 2605 1023 2670 bibliotheca
1040 2596 1202 2676 senatoria

160 2733 272 2820 lipsiae
284 2739 506 2800 asservantur3
520 2745 660 2810 quorum
666 2721 789 2809 primus
800 2715 932 2802 (pulpit.
950 2717 976 2788 l,
990 2700 1025 2774 n‘.
1045 2711 1092 2794 6),
1105 2725 1205 2770 mem-

159 2841 358 2914 branaceus,
370 2835 427 2899 sal.
444 2833 667 2920 complectens
677 2832 735 2893 CX
746 2825 834 2902 folia,
846 2844 909 2887 nec
922 2816 1153 2892 numeris„nec
1164 2809 1207 2879 si-,

161 2950 233 3036 gnis
249 2947 416 3022 distincta,
434 2962 576 3028 quorum
588 2954 708 3006 octona
719 2931 875 2998 videntur
890 2921 1091 3008 manipulum
1103 2915 1208 2978 effice·

163 3079 211 3122 re.
235 3054 369 3140 Singula
390 3049 467 3114 folia
486 3044 654 3116 interdum
671 3065 690 3105 a
706 3039 896 3122 bibliopega
917 3036 1100 3117 permutata
1117 3033 1204 3087 sunt·

165 3161 306 3246 Scripsit
317 3173 422 3222 totum
435 3153 510 3228 cod.
527 3175 593 3218 una
603 3171 729 3224 manus,
745 3143 803 3207 sed
814 3142 868 3204 ille
883 3136 946 3200 sibi
958 3155 1032 3222 nqn
1041 3143 1207 3202 constans,

165 3288 260 3332 nunc
271 3269 422 3350 majores,
435 3260 523 3327 nunc
537 3261 681 3330 minores
693 3254 832 3342 pingens
842 3249 965 3324 literas,
977 3266 1050 3332 que
1059 3263 1128 3306 non
1141 3237 1210 3326 qui·

166 3377 252 3440 dena
263 3374 357 3462 plane
376 3372 492 3450 rudes,
513 3385 545 3433 at
562 3389 670 3454 neque
687 3365 851 3450 elegantes
867 3355 1025 3424 dicendae.
1044 3355 1129 3418 Sunt
1147 3371 1227 3443 en,

166 3485 266 3550 etiam
275 3483 412 3548 initiales
423 3499 588 3554 versuum,
599 3473 800 3548 minusculae,
814 3466 914 3554 magis
925 3463 1032 3530 latinae
1047 3479 1144 3546 quam
1154 3477 1211 3540 go·
1233 3467 1234 3470 ’

59 3611 72 3626 “
165 3595 273 3664 tbicae.
288 3591 431 3658 lnitieles
441 3587 634 3666 carminum,
646 3605 737 3648 more
749 3581 783 3642 in
793 3566 1213 3656 lllSS.·consult0‚plerum-

163 3727 230 3795 que
243 3704 377 3780 desunt,
393 3715 426 3764 et
441 3693 558 3762 leviter
576 3709 700 3756 tantum
715 3702 791 3752 sunt
804 3683 988 3769 designatae.
1011 3667 1215 3764 Compendie

165 3837 289 3880 vocum
302 3811 434 3882 crebra.¹
452 3812 678 3872 Atramentum
696 3795 852 3886 temporis
865 3789 1076 3858 diuturnitate
1089 3783 1214 3845 fuscum

167 3921 305 3988 sectum.
325 3925 364 3984 ln
377 3917 476 4007 primi
486 3932 518 3980 et
528 3913 630 3980 ultimi
642 3910 709 3974 solii
727 3908 877 3974 columna
886 3899 990 3992 priori
1001 3897 1046 3960 sic
1059 3891 1171 3957 deletae
1182 3883 1215 3944 li-

900 4063 903 4068 ,
1042 4001 1071 4071 5³
