2906 4694
151 485 1192 523 mmmmmfflmwewwmmummwmsw

231 739 633 842 PRAEMONITIO
656 739 806 838 NOVl
834 735 1121 836 EDITORIS

289 997 350 1069 DE
376 994 553 1072 ULTIMO
580 993 776 1068 flottltll
802 994 1055 1070 VOLUlllNE.

608 1251 742 1274 ab*

189 1518 223 1574 ln
235 1516 324 1594 primi
334 1514 490 1574 voluminis
499 1513 667 1592 prolatione
680 1509 721 1591 (p.
729 1509 795 1591 rur)
808 1511 997 1588 promiseram
1010 1533 1056 1572 me
1066 1515 1099 1572 in
1109 1516 1198 1573 tertio

150 1614 206 1672 hoc
219 1627 249 1672 et
262 1615 367 1672 ultimo
378 1613 526 1671 volumine
537 1613 673 1668 daturum
681 1609 818 1666 laborm
831 1627 964 1666 meorum
979 1611 1016 1668 ad
1027 1611 1195 1670 elucidanda

150 1713 262 1771 Horatii
271 1711 400 1770 carmina
413 1721 609 1786 susceptorum
625 1707 851 1776 enarrationem,
865 1718 893 1764 ct
905 1709 1023 1765 nomina
1036 1710 1196 1786 praecipuo·

149 1830 215 1868 rum
234 1811 429 1886 interpretum
442 1826 475 1866 ao
488 1807 634 1866 sociorum
643 1824 716 1880 quoa
729 1803 876 1879 adjutores
889 1805 985 1882 operia
997 1805 1194 1866 adhibueram.

150 1899 316 1984 Fidcmiam
329 1909 450 1966 exsolvit
462 1907 581 1967 secundi
592 1905 746 1962 voluminis
757 1905 947 1980 praemonitio.
969 1907 1013 1964 Dc
1026 1906 1087 1964 aliia
1100 1919 1196 1965 autent

152 2005 287 2082 pollicitis
295 2018 430 2084 superest,
440 2012 473 2062 ut
481 2023 527 2062 me
535 2021 710 2060 norvanum
717 2001 928 2078 promissorem,
937 2003 990 2074 vel,
999 2013 1032 2060 ut
1039 2003 1077 2060 ait
1084 2003 1196 2074 Cicero,

153 2103 259 2159 kaurin
269 2103 455 2174 ¹infitiatorem
466 2101 622 2160 ostendam.

189 2199 291 2274 Itaque
306 2199 363 2256 boc
376 2200 513 2256 volumen
530 2199 740 2274 complectitur,

193 2307 221 2354 ι·
233 2291 329 2355 Vitam
345 2301 382 2370 Q.
398 2289 510 2355 Horatii
527 2297 620 2354 Flacci
636 2315 652 2354 e
669 2295 809 2354 Suetonio
827 2305 855 2352 et
868 2287 928 2353 aliia
941 2297 1128 2374 scriptoribus
1142 2297 1195 2356 de-

149 2407 300 2474 sumptam,
312 2416 344 2454 ac
358 2415 412 2474 per
424 2397 575 2454 consulum
589 2405 680 2452 annot
696 2403 828 2453 accurate
842 2393 995 2470 digestum,
1008 2395 1197 2454 indicantem-

151 2515 207 2572 que
222 2497 328 2572 quibua
341 2498 422 2555 annia
432 2496 555 2555 carmina
569 2493 679 2572 cingula
689 2494 825 2572 componi
834 2493 1024 2570 probabiliter
1037 2493 1198 2562 debuerint,

151 2613 308 2672 1³¹8·¹⁸‘l‘l·

140 2757 142 2760 ¹
191 2701 221 2748 a·
234 2690 341 2750 Notum
355 2691 392 2749 da
407 2689 502 2748 amicir
514 2692 550 2763 Q.
564 2690 687 2760 Horatii
701 2709 767 2766 pag.
784 2687 837 2757 25;
853 2699 881 2745 et
896 2687 968 2748 duaa
982 2690 1052 2748 odas
1069 2701 1199 2748 recenter

154 2790 251 2871 (1760)
265 2793 363 2862 editas,
379 2793 509 2869 quamvis
521 2809 674 2868 perperam
683 2801 785 2850 nostro
795 2798 888 2866 poetae
903 2787 1078 2866 adscriptor,
1101 2763 1133 2868 p.
1150 2797 1199 2865 ²7²

193 2895 222 2951 3·
235 2895 322 2954 Varia
339 2905 469 2952 veterum
488 2904 516 2950 ct
542 2891 736 2952 recentiorum
750 2891 786 2948 de
801 2893 841 2961 Q:
854 2889 977 2947 Horatio
990 2875 1148 2949 testimonia
1170 2903 1199 2949 ct

150 2991 466 3072 iudicium-amru·
870 2997 873 3006 ·

193 3099 222 3159 t·
240 3093 380 3152 Notitiam
407 3090 578 3161 literarium,
606 3109 623 3149 c
645 3090 777 3150 Fabricio
803 3101 830 3147 et
855 3089 987 3148 limantio
1007 3089 1199 3168 desumptam,

154 3207 216 3266 ΡΒ·
232 3197 268 3259 ii
281 3209 344 3267 sqq.

199 3284 229 3346 5·
247 3285 408 3347 Elencbum
423 3283 557 3344 codicum
581 3285 662 3344 MSS.
688 3285 725 3343 ad
734 3303 808 3360 quoa
821 3277 957 3342 Horatius
971 3283 1073 3346 ,adhuc
1085 3296 1201 3344 exactus

161 3385 405 3466 mmmm·
920 3408 923 3414 ·

191 3487 223 3546 6·
242 3487 286 3544 De
298 3481 410 3542 Horatii
423 3481 595 3539 editionibus
602 3520 611 3550 ,
628 3498 693 3556 pag.
708 3499 759 3537 101
772 3499 833 3555 sqq.

192 3595 222 3662 7¹
239 3585 286 3640 De
300 3579 414 3638 Horatii
427 3577 606 3638 versionibus
621 3578 739 3648 Italicis,
760 3577 893 3647 Gallicis,
913 3580 1050 3654 duplicia,
1066 3579 1200 3656 Hispani-

150 3685 190 3742 εἰς
202 3693 231 3741 et
242 3676 405 3748 Lusitania,
419 3675 540 3746 Gracia,
556 3675 713 3744 Polonicia,
728 3667 919 3746 Gennanicia,
937 3675 1072 3754 Belgicis,
1086 3676 1202 3735 Danicia

151 3791 180 3839 n
191 3776 325 3846 naccis.
338 3792 404 3850 raa·
416 3780 485 3845 att,
499 3793 560 3850 tut·

190 3873 325 3935 iamdiu
338 3883 381 3930 cat
402 3890 439 3930 ex
461 3890 521 3947 quo
544 3869 691 3946 catalogua
708 3869 757 3927 hic
779 3870 938 3928 editionum
957 3871 1030 3947 typis
1052 3871 1202 3928 mandatus

88 3999 92 4008 ·
152 3974 234 4044 exiit,
246 3971 340 4030 tribus
355 3967 433 4026 onim
447 3967 492 4026 vel
506 3977 632 4043 quatuor
646 3965 751 4024 abhinc
770 3968 852 4025 annia
865 3966 934 4024 hnic
953 3965 1133 4026 conficiendo
1146 3985 1201 4022 vo-

151 4072 255 4131 lumini
276 4069 470 4130 indeainetttar
484 4065 672 4128 incubuimus.
690 4069 810 4128 Interim
823 4069 922 4146 plurea
935 4069 994 4144 jam
1009 4067 1122 4128 Horatii
1137 4069 1201 4126 edi-
