2994 4684
257 343 265 357 “
294 367 357 436 ree
650 361 945 442 nonomen

336 539 370 550 -
384 502 422 580 Q.
437 497 586 562 Horatius
598 496 747 573 Flttccus,
760 495 971 562 obscoenitate
983 499 1093 562 Romae
1108 499 1313 586 expurgatus.
1353 563 1357 571 ,

289 609 405 674 Colon.
421 609 498 692 Agr.
516 608 547 669 8.
581 613 584 618 “

331 717 380 781 Cf.
398 737 427 780 0.
445 715 539 778 1585.

330 825 472 886 Excusus
494 819 590 885 etium
610 819 761 884 Horatius
785 819 818 884 h.
842 843 870 884 a.
896 819 931 884 in
953 820 1103 908 Corpore
1125 825 1220 886 Poet.
1245 827 1313 887 Lat.

288 932 397 1009 Aurel,
410 929 535 995 ttlobr.
550 929 636 1017 apud
650 931 736 994 Sam.
752 929 949 1018 Crispinum,
961 929 1027 994 vol.
1042 934 1067 994 Ι.
1100 945 1109 954 ·

334 1061 427 1124 1601.
452 1061 491 1140 Q.
507 1060 631 1122 Horatii
643 1059 751 1123 Flacci
763 1060 880 1146 Opera,
895 1079 970 1124 cum
985 1057 1079 1123 novis
1096 1059 1314 1144 Argumentis.

288 1171 336 1232 Ex
348 1166 433 1232 offic.
448 1165 590 1230 Plantin.
609 1167 659 1259 12.
731 1241 737 1244 ,

333 1323 369 1332 -
385 1287 423 1367 Q.
443 1285 571 1350 Horatii
586 1286 694 1350 Flacci
709 1287 874 1361 Poemato,
894 1283 1049 1349 illustrate
1068 1285 1268 1370 argumentis,
1284 1301 1319 1349 et

288 1394 547 1481 castigationibus
560 1397 622 1460 Ge.
636 1394 787 1460 Fabricii.
804 1391 905 1482 Lipsis
918 1391 1135 1482 typisVoegel‚
1149 1394 1180 1455 8.
1221 1407 1225 1418 ·
1253 1437 1255 1446 ,

332 1508 457 1569 Recusa
468 1503 521 1568 ed.
538 1527 567 1568 a.
585 1505 679 1570 1515.
916 1569 926 1577 ,

335 1671 370 1680 -
387 1635 426 1715 Q.
447 1636 574 1698 Horatii
591 1635 699 1698 Flacci
718 1631 836 1723 Opera‘,
857 1655 918 1721 per
937 1632 1036 1698 Dion.
1060 1631 1262 1696 Lambinum.
1280 1670 1317 1680 —

289 1741 503 1804 recesserunt
519 1755 691 1828 postremae
716 1739 791 1804 huic
813 1739 950 1805 editioni
968 1738 1101 1803 Adriani
1119 1737 1263 1802 Tumebi
1283 1739 1319 1802 in

290 1845 429 1910 eundem
455 1847 687 1912 commentarii
710 1885 746 1895 -
769 1863 803 1912 et
827 1848 860 1912 in
884 1847 949 1912 fine
970 1844 1106 1938 Theoti..
1122 1845 1255 1909 Marcilii
1278 1845 1322 1908 ad

291 1958 334 2038 Q.
349 1957 390 2016 11.
405 1955 665 2042 Flcquotidionae
686 1971 719 2020 et
738 1955 916 2021 emendate
935 1956 1102 2021 lectiones.
1118 1955 1220 2019 Paris.
1234 1935 1320 2042 apud

258 2083 264 2088 ·
290 2059 435 2126 Barthol.
453 2065 618 2142 Macaeum,
633 2063 689 2128 fol.
919 2142 922 2156 Ι

335 2171 372 2232 Α.
390 2169 471 2232 1605
492 2167 576 2233 hanc
598 2167 776 2234 editionem
798 2169 907 2234 laudat
927 2169 1010 2234 Bibl.
1031 2165 1076 2232 du
1098 2169 1179 2246 Boi,
1201 2167 1320 2232 001100-

292 2277 417 2339 Lettres
434 2277 480 2353 11,
500 2276 575 2339 299.
593 2273 652 2340 Th.
673 2276 806 2340 Marcilii
826 2275 983 2341 lectiones
997 2275 1170 2362 separatim
1189 2296 1320 2362 quoque
1353 2319 1355 2330 .

292 2379 327 2446 h.
346 2405 374 2446 a.
396 2405 520 2450 excusae
539 2385 580 2448 ab
599 2384 716 2450 eodem
733 2389 850 2450 Macaeo
868 2399 1101 2450 memorantur.
1120 2383 1243 2449 Eodem
1256 2383 1321 2448 hoc

292 2512 380 2555 anno
401 2491 610 2556 Lambiniana
632 2493 758 2556 Horatii
781 2491 880 2558 editio
904 2491 1020 2556 additis
1041 2495 1142 2555 Henr.
1166 2490 1323 2578 Stephani

292 2595 444 2664 Diatiibis
455 2621 569 2666 recusa
581 2603 748 2666 estAurel.
764 2601 889 2667 Allobr.
903 2605 1018 2665 aPetr.
1030 2599 1071 2664 de
1081 2598 1273 2676 1111011010,
1288 2599 1319 2662 8.

339 2767 375 2778 —
387 2715 429 2814 Q.
435 2723 562 2796 Horotii
568 2732 677 2797 Flacci
681 2733 842 2810 Poemata,
855 2753 929 2796 cum
939 2729 1100 2804 iuvenali.
1116 2727 1254 2810 Londin.
1270 2729 1319 2791 tt.

339 2863 422 2923 —In
441 2864 480 2944 Q.
498 2863 628 2926 Horatii
643 2863 753 2926 Flacci
767 2862 802 2924 dc
814 2863 889 2923 Arte
900 2861 1024 2948 poetica
1040 2859 1150 2922 librum
1168 2855 1323 2920 Hercules

293 2967 492 3048 manzonius,
504 2968 560 3055 qui
576 2983 688 3056 operte
706 2967 924 3043 demonstrat,
942 2985 1130 3054 expressum
1146 2963 1187 3026 ab
1201 2962 1324 3028 Aristo·

295 3073 367 3139 celis
389 3075 517 3163 poetice
540 3075 665 3140 Horatii
689 3075 834 3162 poetices
858 3073 1018 3139 ordinem.
1047 3071 1216 3158 Bergomi,
1240 3071 1323 3159 typis

293 3179 421 3247 Comini
433 3185 598 3259 venture,
613 3185 644 3245 t.

337 3289 421 3353 Bibl.
435 3289 480 3353 du
490 3290 564 3367 Roi,
578 3289 822 3353 Bellcs-Lettres
833 3291 876 3367 11,
891 3291 965 3353 302.

341 3455 376 3468 -
392 3419 431 3499 Q.
447 3419 575 3480 Horatii
587 3419 699 3482 Flacci
715 3417 789 3481 odo
807 3417 841 3480 in
859 3417 950 3482 locos
968 3439 1156 3482 communes
1174 3415 1322 3502 digestae,

292 3525 399 3593 studio
411 3527 464 3590 Jo.
477 3525 600 3612 Langii.
617 3529 767 3590 Hannov.
784 3525 868 3614 typis
878 3525 1106 3605 wechelianis,
1121 3529 1150 3589 8.

337 3633 476 3719 Repetit.
488 3635 595 3697 statim
607 3633 708 3720 Lugd.
723 3633 840 3700 eodem
852 3633 917 3698 hoc
930 3656 1029 3697 anno.

341 3763 433 3826 teos.
462 3765 501 3846 Q.
519 3765 674 3830 uomitus
685 3741 821 3832 rucio
835 3758 1326 3848 heistettensem}

293 3867 448 3932 diatribis.
465 3871 590 3934 Gener.
609 3871 695 3959 apud
707 3876 795 3937 Petr.
812 3871 854 3936 de
866 3873 896 3936 lu
908 3871 1061 3948 Roriere,
1075 3873 1106 3933 1.

295 4045 299 4053 ,
338 3980 435 4042 Forte
448 3977 756 4046 innovatustantum
770 3981 877 4046 titulus
890 3980 941 4046 cd.
956 3979 1128 4045 anterioris
1140 3975 1228 4042 anni.
