3014 4678
550 332 890 422 enimomnes.
1141 415 1146 434 ,,
1174 352 1244 426 205

202 521 241 560 ex
267 496 402 561 vetustis
427 494 690 582 exemplaribus,
718 492 918 557 editionibus
938 507 978 555 ct
1003 471 1245 560 commentariis

202 605 390 672 emendavit
404 607 466 670 Ge.
479 605 595 670 Wade.
613 603 720 670 Lond.
735 627 797 692 per
808 603 897 668 Guil.
912 606 1063 690 Bowyer‚
1079 607 1111 668 8.

245 717 331 781 Nulli
345 718 564 806 interpretum
580 715 648 781 visa
664 715 735 780 haec
752 714 867 794 edide,
880 714 1084 800 omninoque
1098 713 1186 779 inter
1197 738 1248 780 ra·

202 829 307 892 riores
319 824 484 892 habenda.
501 829 615 914 Neque
629 824 709 890 mihi
724 848 795 889 eam
810 823 972 912 inspicere
984 822 1119 888 facultas
1131 840 1213 888 erat.

250 973 333 1054 «Q.
343 972 590 1038 HomtiiFlacci
596 973 710 1060 Opera.
723 969 842 1035 Edinb.
855 967 988 1056 apudll.
1000 969 1180 1034 Freebarn.
1195 957 1256 1034 12(

252 1127 345 1191 1733.
364 1128 403 1208 Q.
418 1107 548 1190 Horatii
559 1127 673 1190 Flacci
688 1126 791 1214 Opera
809 1125 930 1200 omnia,
951 1123 1047 1188 aeneis
1066 1125 1184 1190 tabulis
1202 1127 1251 1190 in·

204 1237 286 1302 cidit
298 1241 351 1302 10.
369 1237 444 1300 Pin.
462 1239 491 1299 ll
505 1235 584 1302 roll.
601 1233 756 1314 Londini‚
774 1235 804 1297 8.

247 1351 409 1434 Expressa
426 1343 480 1410 ed.
499 1343 629 1408 Talboti
649 1365 678 1406 a.
695 1345 791 1406 1701.
810 1341 953 1406 Felicior
965 1340 1050 1406 Pinii
1062 1365 1164 1430 opera
1181 1367 1252 1409 ver-

204 1474 272 1524 sata
283 1473 333 1522 est
343 1457 377 1520 in
390 1453 527 1519 lloratio
539 1475 604 1518 aare
618 1450 850 1541 exprimendo,
863 1443 962 1538 quam
974 1451 1084 1538 figuris
1100 1437 1252 1518 ornando

205 1583 303 1655 atque
318 1563 526 1642 illustrando,
540 1563 574 1627 in
590 1562 709 1650 quibua
720 1559 932 1626 delectum'et
943 1561 1023 1625 artis
1035 1561 1187 1652 peritiam
1197 1563 1253 1628 dc-

206 1677 341 1742 sideres.
353 1673 428 1742 vid.
444 1676 519 1739 Sex.
537 1675 662 1738 Onom.
678 1671 771 1737 Anal.
786 1675 825 1735 P.
838 1675 865 1736 Ι.
882 1694 917 1760 p.
935 1673 1010 1735 564.

140 1807 143 1815 ’
253 1816 656 1908 -Q.HaratiasFiatcus,
668 1836 708 1878 ex
718 1813 863 1900 castigat.
874 1810 1089 1878 eteumohss.
1099 1813 1253 1894 Bentleii,

208 1929 416 2018 Cuningamii
439 1943 472 1994 et
495 1923 674 1993 Sanadoni.
701 1925 903 2012 Hamburgi,
928 1921 1014 2012 apud
1036 1925 1076 1988 Α.
1099 1947 1164 1990 van
1186 1924 1253 1991 den

208 2038 342 2116 flocci,
360 2038 411 2102 12.
1287 2025 1290 2030 ⁸

257 2217 293 2228 ·—
303 2181 341 2262 Q.
352 2179 485 2244 Horatii
494 2179 610 2242 Flacci
623 2179 740 2266 Opera,
755 2199 774 2242 e
789 2192 920 2266 typogr.
935 2179 1036 2266 regia.
1053 2179 1156 2244 Paria.
1178 2180 1229 2243 16.

254 2297 367 2364 Literia
380 2295 603 2364 minutissimis
618 2295 786 2382 eleganter
800 2295 958 2383 impressa
970 2295 1084 2362 editio.

205 2483 209 2490 ·
259 2487 294 2497 κ
303 2447 489 2522 Bactriana,
502 2455 598 2508 aucta
610 2441 698 2508 notis
710 2455 744 2506 et
757 2441 854 2506 variis
866 2443 957 2507 lectt.
969 2441 1121 2521 Bentleii,
1133 2441 1257 2509 Conin-

209 2555 305 2642 gamii
324 2570 358 2620 et
375 2551 552 2617 Sanadoni.
577 2547 759 2615 Amstelod.
782 2549 869 2638 apud
889 2553 928 2616 Α.
950 2574 1015 2617 van
1034 2549 1101 2617 den
1121 2551 1255 2629 Hocclt,

210 2651 250 2733 lV
263 2665 342 2732 roll.
359 2667 391 2728 4.

251 2776 375 2843 Eadem
387 2773 511 2839 ibidem
525 2771 590 2836 hoe
604 2793 693 2866 anno
706 2774 736 2834 x
747 2769 827 2836 voll.
844 2793 963 2836 excusa
979 2771 1029 2835 12.

257 2929 350 2993 1135.
372 2929 412 3010 Q
425 2927 575 2992 Horatius
586 2923 736 2999 Flaccus
749 2921 929 2986 Daceriiet
944 2920 1065 3002 Sanad.
1079 2919 1258 2986 notiacon-

211 3039 319 3126 gestis.
336 3034 472 3102 Amstel.
487 3037 639 3098 Wetsten
651 3031 738 3116 (VIII
751 3030 829 3095 voll.
836 3030 916 3116 )‚8.

258 3197 352 3260 1736.
378 3197 417 3276 Q.
430 3194 584 3258 Horatius
597 3190 734 3254 Flaccus
750 3187 825 3277 (per
839 3191 893 3252 10
905 3187 1031 3276 Jones).
1050 3115 1156 3250 Lond.
1173 3185 1259 3276 apud

212 3309 243 3370 J.
259 3261 464 3371 Brothertoti
480 3305 558 3368 etl.
573 3304 714 3378 Nourae,
732 3301 762 3364 8.
914 3367 916 3372 ,

254 3417 304 3477 De
314 3413 376 3478 hac
386 3413 531 3478 editione
541 3431 689 3498 superius
701 3424 822 3472 aetum.
835 3409 936 3471 Notas
946 3409 1260 3492 sequunturDocto-

211 3545 284 3587 rmn
297 3524 496 3608 conjecturae
509 3537 543 3586 et
553 3520 651 3586 variae
663 3520 833 3586 lectiones.

257 3703 295 3714 -
307 3665 514 3742 quentiano,
534 3663 758 3740 editionum,
775 3663 867 3746 juxta
886 3657 1027 3746 exempl.
1047 3661 1170 3725 Rome.
1194 3661 1260 3722 tto-

214 3775 319 3840 thom.
338 3779 370 3840 8.
468 3837 473 3845 .

259 3915 354 3978 1110.
378 3917 417 3996 Q.
437 3915 564 3979 Horatii
579 3912 693 4013 ¹Flacci
707 3911 875 3986 Poemata,
894 3931 934 3972 cx
954 3905 1098 3992 castigat.
1121 3919 1154 3970 et
1172 3903 1259 3968 obas.
1327 3902 1344 3940 '-
