2994 4684
504 399 777 467 CODICIBUS
801 401 902 468 MSS.
1103 488 1106 500 μ
1177 405 1222 498 93

176 536 338 622 oblongo.
360 533 501 598 Exhibct
515 535 658 598 Carmana
678 557 753 626 cum
769 533 883 620 glossis
900 550 933 599 el
952 533 1102 616 Scboliis,
1115 539 1221 626 Epod.

178 647 379 710 Comenses.
398 658 432 708 et
443 644 578 730 reliquo.

163 790 171 806 ·
226 759 274 818 11.
304 753 387 819 Cod.
412 751 557 818 chartac.
581 753 651 818 irs-l
670 753 791 818 minori
812 775 885 819 soec.
907 757 978 832 XV,
1000 754 1224 844 complectens

178 869 291 930 Horat.
308 866 395 952 Opp.
411 862 548 950 antiquo
561 861 689 928 ordine.

227 975 276 1038 12.
304 972 388 1038 Cod.
409 972 593 1037 membran.
613 993 686 1037 saec.
706 975 781 1038 XIII
797 973 953 1053 ineuntis,
971 976 1039 1039 iss-4
1055 975 1135 1067 min.
1155 975 1223 1041 obl.

179 1087 242 1146 Ars
253 1081 384 1172 poetica
401 1081 560 1146 instructa
574 1096 623 1146 est
639 1070 763 1146 Scholl.
778 1103 882 1168 marg.
900 1097 934 1146 ct
950 1083 1064 1170 glossis
1080 1085 1224 1150 interlin.

181 1203 215 1252 ct
228 1191 261 1252 in
272 1189 385 1253 fronte
394 1187 497 1252 babet
508 1203 692 1254 monstrum
702 1187 798 1268 illud,
811 1189 903 1276 quod
912 1189 1006 1254 initio
1014 1189 1225 1272 describitur,

182 1293 254 1360 rudi
266 1297 390 1361 calamo
403 1294 614 1366 delineatum.
630 1295 768 1384 Reliqua
780 1295 934 1360 destituta
945 1311 1023 1362 sunt
1034 1295 1157 1363 Scholl.

228 1406 279 1469 13.
306 1403 390 1469 Cod.
409 1404 595 1470 membran.
615 1427 688 1470 saeo.
704 1409 776 1485 Xll,
791 1407 862 1472 in·8
880 1405 949 1471 obl.
970 1407 1127 1472 Continet
1140 1409 1225 1496 Opp.

181 1515 315 1603 antiquo
337 1513 474 1593 ordine,
497 1536 572 1580 cum
596 1515 710 1602 glossis
731 1531 764 1582 ot
786 1515 947 1596 Scholiis,
973 1516 1034 1583 alia
1056 1539 1155 1582 manu
1174 1517 1230 1581 ad-

178 1639 285 1706 jectis.

227 1733 279 1794 ll.
307 1727 390 1793 Cod.
411 1727 595 1793 membran.
617 1753 689 1795 saeo.
709 1733 801 1811 XIII,
822 1731 910 1810 in·8,
928 1731 993 1796 boc
1010 1731 1128 1798 ordine
1144 1759 1152 1796 ε
1169 1737 1231 1798 Ars

177 1842 316 1929 poen'ca,
327 1840 502 1903 &monum
511 1839 637 1918 librill,
649 1843 753 1928 Epist.
770 1840 845 1905 libri
853 1844 894 1920 ll,
903 1843 1079 1906 Carminmn
1090 1841 1167 1905 libri
1175 1845 1230 1922 lV,

184 1948 324 2036 Epodon
334 1945 418 2012 liber
426 1971 523 2028 unus,
534 1951 660 2014 Cmnnn
671 1951 816 2028 seculare,
827 1951 917 2039 quod
926 1952 1049 2038 glossas
1060 1951 1232 2018 efficholia

184 2053 302 2132 habet,
315 2077 333 2148 u
344 2055 431 2120 varia
440 2079 540 2123 manu
551 2057 649 2124 allita.
663 2060 745 2122 Tum
758 2074 940 2147 sequuntur
954 2075 1145 2145 argumenta
1157 2060 1232 2124 Ser·

186 2185 324 2228 monum
335 2178 368 2227 ct
379 2166 461 2252 Epp.
475 2166 626 2230 versibus
637 2166 781 2232 heroicis
792 2189 960 2255 expressa..

234 2275 283 2336 15.
312 2270 393 2335 Cod.
408 2271 593 2336 membran.
604 2275 762 2337 saec.XlII
770 2272 926 2352 ineuntis,
936 2275 1005 2340 in·8
1016 2275 1094 2339 min.
1106 2275 1232 2342 habens

185 2394 311 2444 mnium
324 2379 514 2457 Sermonum,
529 2401 588 2444 seu
600 2380 778 2467 Satyrorum
791 2380 895 2446 libros
909 2385 955 2462 ll,
976 2404 1052 2448 cum
1067 2383 1182 2472 glossis
1200 2399 1234 2449 et

183 2489 323 2555 Scholiis
335 2489 507 2555 brevibus.
528 2561 538 2576 J

231 2599 280 2662 16.
309 2597 595 2662 Οοι1.,ῐηοω1πωι.
613 2618 687 2662 saec.
698 2600 769 2674 XV,
781 2601 814 2678 8,
826 2601 990 2690 Epistolas
1003 2598 1174 2666 exhibens.

126 2693 130 2701 “
230 2710 281 2772 17.
310 2706 397 2772 cod.
413 2706 597 2771 membran.
613 2729 685 2772 sse.
701 2709 772 2788 xv,
797 2711 816 2772 s
839 2709 907 2773 ou.
927 2709 1234 2797 ommnponn
1294 2808 1297 2816 ,
1381 2803 1384 2812 .

184 2815 305 2880 librum
317 2831 351 2880 ct
365 2817 639 2881 commaculare
654 2817 840 2882 continens.
989 2891 992 2896 ,

231 2928 281 2990 18.
310 2925 397 2992 Cod.
421 2927 570 2992 membr:
587 2949 660 2992 saec.
687 2912 772 3006 XIV,
795 2930 832 3006 8,
857 2943 973 2992 tenens
994 2927 1138 2990 Carmena
1159 2946 1234 2990 cum

186 3035 299 3118 glossis
313 3050 348 3100 et
361 3033 514 3115 scholiis,
527 3037 663 3126 Epodon
675 3035 798 3101 librum
814 3034 884 3123 (qui
896 3033 1087 3098 inscribitur
1099 3033 1184 3098 liber
1194 3037 1235 3124 V)

187 3145 360 3208 etCnnsen
374 3147 517 3210 sccuhre.
1011 3133 1016 3144 ’

236 3253 286 3315 19.
313 3253 396 3325 Cod,
421 3253 565 3320 chartac.
589 3275 662 3318 saec.
685 3256 756 3332 XV,
782 3211 815 3332 8,
839 3251 940 3333 babet
954 3252 1110 3328 Carmina,
1125 3253 1231 3340 Epoael

191 3361 318 3425 Carmen
333 3365 476 3441 seculare,
491 3367 598 3428 Artem
610 3367 767 3452 poeticam
789 3378 823 3430 st
844 3359 970 3428 initium
989 3360 1103 3450 primus
1122 3361 1233 3428 Satirae

187 3467 288 3556 usque
302 3469 343 3534 ad
358 3495 390 3535 v.
407 3475 460 3535 51.

228 3580 282 3644 20.
311 3581 397 3648 Cod.
421 3581 607 3646 membran.
634 3604 707 3646 saec.
733 3583 820 3658 XIV,
844 3581 884 3656 4,
904 3579 1012 3642 Artem
1029 3543 1188 3668 poeticam
1207 3593 1236 3642 ec
1334 3631 1336 3636 .

184 3687 270 3776 Epp.
288 3709 365 3753 cum
377 3687 493 3774 ¹glossis
507 3702 541 3752 et
553 3685 694 3752 Scholiis
706 3686 878 3751 exbibens.
897 3689 935 3750 ln
947 3686 1031 3750 fine:

239 3883 243 3890 ,
363 3833 488 3904 Explicit,
500 3809 628 3905 expliciut,
639 3834 724 3887 ludere
732 3833 835 3903 scriptor
844 3843 891 3886 eut.

228 3983 281 4047 21.
311 3981 399 4046 Cod.
416 3984 600 4049 membran.
622 4005 695 4050 sce.
715 3983 835 4070 partim
849 3985 921 4061 XII,
938 3983 1057 4070 purtim
1072 3983 1158 4058 XIII,
1174 3977 1229 4041 Iol.
