2994 4684
245 315 311 398 136
613 317 680 386 DE
703 316 914 392 nondun
1010 354 1015 360 ·

261 445 262 453 ‘
287 431 1288 549 ..ommurmcapaamautmumwapaaa

240 563 366 630 Horatii
381 561 504 637 Flacci,
520 577 619 650 poete
636 562 818 644 clarissimi,
832 565 990 634 aJacobo
1001 565 1157 638 Thanner
1169 573 1287 640 Herbi-
1374 579 1377 586 '

239 672 369 762 polensi
387 671 562 760 diligentur
580 672 695 762 Liptzk
712 671 873 761 impresse
891 672 946 740 hic
964 676 1174 746 clauduntur.
1187 684 1287 748 Anno

238 783 348 856 salutis
361 781 508 854 secundo
522 805 622 872 supra
633 782 935 878 quingentesimum
945 801 979 852 et
988 787 1236 858 millesimum.»
1250 793 1282 856 4.

284 893 397 956 Gesner
414 891 573 968 Biblioth.
598 915 632 982 p.
658 895 690 976 8,
713 907 747 960 et
764 893 843 960 inde
862 898 984 968 Panur
999 900 1072 978 vn,
1095 899 1174 976 1423
1197 899 1282 972 Bibl.

236 1001 382 1091 Princip.
406 1001 671 1090 Furstenbergii,
691 1026 763 1092 qrrae
782 1007 897 1092 Pragm
917 1020 977 1077 est.
997 1005 1071 1080 Vid.
1093 1007 1281 1103 Hirsching.

238 1110 351 1177 Addit.
368 1110 411 1178 ad
423 1127 446 1182 t.
460 1115 518 1191 lll,
529 1136 565 1201 p.
581 1114 657 1180 316.

284 1263 380 1326 1503.
396 1265 526 1330 Horatii
539 1263 619 1346 Ode,
635 1264 769 1346 Cama
779 1267 916 1360 Epodoa
927 1281 956 1334 ct
966 1269 1112 1348 ewulm,
1124 1291 1199 1335 cum
1210 1293 1285 1336 eras.

234 1371 376 1438 ctisairna
386 1373 522 1448 Antonii
537 1373 735 1454 Hancinelli‚
754 1391 788 1444 et
803 1398 880 1450 cum
892 1377 1043 1445 familiari
1055 1377 1178 1446 lodoci
1188 1379 1284 1446 Badii

232 1481 380 1548 Ascensii
392 1483 635 1570 explanatione,
643 1485 888 1554 venundantur
901 1487 1075 1554 Parrhisiis
1086 1489 1121 1554 in
1130 1489 1203 1557 vico
1213 1488 1284 1556 divi

231 1593 350 1661 Jacobi
371 1593 560 1682 aDionysio
581 1597 673 1663 Roce
695 1595 759 1662 suh
784 1596 863 1666 divo
888 1599 1030 1666 Martino
1052 1615 1085 1666 et
1110 1601 1146 1688 in
1167 1617 1283 1668 monte

232 1703 347 1783 Sancti
357 1703 472 1771 Hilarii
483 1703 545 1770 sub
557 1703 718 1770 leunculis
735 1708 854 1772 aurcis.
873 1711 913 1774 ln
928 1711 1013 1774 line:
1031 1737 1045 1766 a
1063 1710 1282 1778 Accuraticna

231 1812 432 1878 Ascensiana
444 1833 634 1900 compressa
643 1813 685 1878 ad
694 1819 752 1884 XV
762 1815 923 1882 Calendas
933 1817 1033 1884 Julius
1045 1819 1277 1884 anniMDHl.»

233 1919 410 2004 Sequiturr
429 1947 444 1977 a
457 1923 508 1986 De
527 1921 606 1986 Arte
625 1923 757 2010 poetica
775 1925 926 2006 libellus,
945 1917 1093 1992 Ascensii
1114 1951 1216 2018 opera
1238 1927 1282 1995 ad

231 2027 306 2092 idus
319 2029 499 2115 septembr.
518 2033 596 2098 anni
608 2035 943 2104 HDllI—-Sermones
956 2054 989 2103 ct
1001 2040 1154 2128 Epistolae
1165 2041 1281 2124 Quinti

230 2136 341 2201 Flacci
352 2138 478 2204 Horatii
490 2141 842 2230 cum—explanatione
856 2139 976 2210 lodoci
988 2145 1281 2213 Badii-Parrhisii

230 2242 266 2308 in
282 2244 419 2330 regione
433 2245 501 2312 divi
511 2247 668 2328 iacobi»
685 2265 750 2316 etc.
770 2255 809 2317 ln
821 2255 907 2336 fine:
921 2285 934 2314 a
946 2258 1164 2324 accuratione
1180 2259 1280 2348 ipsius

229 2353 378 2416 Ascensii
402 2352 444 2418 ad
468 2355 630 2448 Quintum
653 2359 814 2428 Calendas
844 2366 1049 2454 Septembris
1076 2368 1156 2434 anni
1183 2369 1279 2454 hujus

228 2463 350 2524 MDlll.
369 2488 383 2518 a
400 2461 458 2525 fol.

269 2571 375 2633 Merit.
388 2573 432 2648 ll,
446 2593 479 2658 p.
499 2573 574 2650 1643
591 2575 693 2639 Thoti.
708 2578 891 2660 esurivit,
902 2605 935 2669 p.
952 2587 1004 2648 88.
1021 2588 1079 2650 Est
1092 2585 1161 2651 haec
1171 2587 1279 2676 prima

224 2678 435 2756 ascensiana,
450 2682 606 2748 chneta
620 2707 648 2748 a.
665 2687 747 2750 1492
759 2689 965 2774 potissimum
978 2692 1088 2760 ducta.
1311 2720 1314 2726 ·

273 2827 383 2890 -Odc
392 2831 522 2893 Horatii
532 2831 672 2899 fideliter
682 2837 854 2906 emendate
863 2816 941 2906 ¹cum
951 2843 1171 2913 breviusculis
1181 2872 1277 2937 argu·

224 2935 343 3000 mentis
355 2952 389 3032 ct
401 2937 510 3002 tabula
520 2941 680 3026 perfacili,
692 2968 757 3032 qua
766 2947 819 3013 lex
831 2952 985 3017 carminis
996 2957 1173 3041 cujuslibet
1183 2959 1275 3025 odos

222 3043 400 3110 clarissima
411 3047 574 3129 redditur,
590 3073 665 3116 cum
680 3053 801 3143 insigni
818 3063 1015 3150 typographi
1026 3067 1106 3131 Jean
1117 3069 1210 3134 Petit.
1237 3073 1276 3134 In

224 3147 302 3227 linc,
318 3167 396 3237 post
408 3153 570 3221 iohannis
582 3161 680 3226 Parvi
696 3163 875 3250 Epistolam
892 3183 925 3231 ct
935 3169 1091 3238 Tabulam
1104 3175 1276 3243 universas

223 3255 350 3322 Horatii
366 3259 455 3325 Odas
471 3265 580 3330 metiri
596 3268 747 3336 facillime
767 3271 964 3345 docentem:
977 3311 992 3341 ι
1004 3284 1080 3350 Ode
1094 3289 1275 3355 Horatiana

221 3361 362 3428 fideliter
380 3359 553 3438 emendate
577 3378 761 3465 sumptibus
781 3381 941 3451 iohannis
963 3392 1059 3476 parvi
1081 3394 1274 3461 Parisicnsis

223 3468 426 3560 bibliopola,
447 3478 534 3545 felici
554 3483 621 3549 fine
644 3507 870 3558 consummate
894 3513 970 3562 sunt
993 3502 1066 3567 Kal.
1088 3504 1275 3572 Februariis
1346 3589 1349 3594 Ι

221 3601 308 3646 anno
326 3604 344 3648 a
360 3586 458 3650 natali
472 3589 639 3660 salutifero
655 3595 827 3668 millesimo
841 3605 1109 3693 quingentesimo
1124 3613 1236 3678 tertio.
1256 3643 1271 3673 a

125 3702 133 3718 ¹*
196 3689 376 3776 aSequitur
402 3721 416 3752 a
439 3695 601 3768 iohannis
627 3703 792 3796 Chappuis
817 3713 1029 3784 Bituricensis
1060 3721 1200 3808 epistola
1231 3721 1274 3786 ad

219 3797 391 3875 lectorem.
412 3830 426 3862 r
446 3809 479 3871 4.

267 3909 446 3985 Rarissimae
470 3913 566 4002 hujus
591 3919 743 3994 editionis
767 3950 787 3992 a
808 3932 943 4000 nemine
969 3933 1075 4002 adbuc
1092 3935 1271 4015 cxcitatae,
