2994 4684
556 357 898 451 autumamus.
1181 377 1268 471 145·
1308 308 1311 320 ⁶

206 510 317 576 c'inclli
335 507 455 574 Jodoci
472 506 565 575 Badii
582 507 730 581 Aecenaii
750 523 902 576 accurate
920 511 1088 599 repositie3
1107 534 1245 602 cumque
1287 547 1290 556 ·

152 628 156 649 ’
206 615 473 682 adnotationibus
486 614 626 683 Matthaei
637 615 796 694 Bonfinis,
805 630 843 686 ¹et
851 615 927 682 Aldi
934 619 1070 684 Manutii
1078 623 1216 686 Romani
1229 629 1258 688 a'

205 721 379 806 Philologo
392 720 600 810 (Benedicto)
615 721 806 808 recognitis,
823 722 954 811 suisque
971 725 1052 792 locis
1070 727 1199 795 insertis
1214 746 1247 795 et

206 827 248 892 ad
264 830 364 894 finem
380 850 421 894 ex
435 830 564 916 integro
577 830 749 897 restitutis.
769 831 1015 908 venundantur
1028 835 1199 902 Parrhisiie
1211 840 1246 904 in

205 937 419 1003 viaJacobaea
432 937 556 1028 abipso
570 939 738 1006 incensio.
759 943 797 1008 iti
807 941 871 1006 fine
883 941 1043 1029 Epcdon:
1061 973 1075 1002 α
1076 948 1245 1068 'impressa

207 1061 257 1112 est
272 1062 424 1133 quartum
443 1047 513 1112 haec
533 1048 710 1134 Horatiana
725 1049 834 1136 poesia
850 1051 1059 1119 ructuatione
1074 1053 1173 1140 ipsius
1190 1039 1250 1120 Aa:

207 1155 308 1220 eeneii
324 1155 359 1220 in
374 1156 578 1222 nobilissimo
591 1157 833 1222 Parrhieiorum
851 1159 1019 1246 gymnasio
1039 1160 1080 1227 ad
1093 1179 1245 1272 quartum

207 1263 318 1332 Calan.
334 1265 457 1332 Octob.
472 1266 559 1334 Anni
572 1265 668 1352 hujus
680 1269 723 1332 Μ.
727 1269 770 1331 11.
773 1270 893 1332 XIX.

256 1374 380 1456 Quarta
407 1371 490 1438 haec
501 1377 635 1442 Ancona.
667 1397 708 1438 ex
736 1372 883 1458 ejusdcm
912 1374 1078 1461 prioribus
1107 1383 1244 1450 mamae

205 1482 320 1546 Venet.
340 1503 370 1546 a.
390 1483 488 1560 1195,
503 1481 644 1546 fideliter
664 1505 835 1570 expressa,
857 1498 891 1548 et
911 1499 1039 1553 tantum
1054 1488 1194 1574 Boryim's
1213 1508 1245 1555 et
1350 1549 1354 1555 .

204 1590 284 1654 Atii
300 1590 424 1656 notulis
441 1589 640 1680 locupletata
658 1605 717 1656 est.
740 1593 838 1658 Forte
856 1589 926 1656 haec
941 1590 1056 1656 eadem
1071 1608 1132 1670 est,
1150 1619 1246 1682 quam
1347 1659 1354 1682 ,
1410 1615 1412 1622 ’

2 1753 3 1764 ,
139 1717 142 1722 ·
205 1699 274 1764 Cat.
293 1699 378 1764 Bibl.
400 1699 490 1764 Harl.
505 1703 521 1808 1
525 1721 582 1786 ,.p
600 1701 676 1779 119,
693 1720 768 1763 curu
786 1698 874 1764 notis
887 1700 1054 1766 variorum
1072 1703 1244 1834 Florentia

133 1825 136 1858 2
203 1807 325 1872 editam
338 1809 429 1874 dicit.

252 1952 338 2031 —Q.
355 1952 478 2014 Horatii
490 1949 600 2014 Flacci
611 1951 714 2038 Opera
732 1959 807 2016 cuin
825 1914 965 2037 quatuor
987 1952 1239 2023 commentariis.

205 2051 337 2122 Parisiis
349 2057 431 2146 apud
441 2063 494 2124 Jo.
507 2061 662 2139 Parvum,
677 2059 734 2124 101.

250 2165 497 2255 Suspectoeiidei
508 2168 577 2234 hec
587 2167 701 2248 editio,
713 2168 775 2234 soli
787 2167 914 2234 auctori
923 2167 1007 2234 Bibi.
1023 2171 1137 2234 Horat.
1152 2193 1186 2256 p.
1201 2173 1238 2232 16

116 2280 118 2291 “
203 2293 393 2364 memorata.
408 2279 484 2346 Vid.
499 2279 584 2344 ada.
601 2281 695 2346 1528.

205 2469 207 2474 ,
249 2423 335 2504 -Ο,
350 2425 478 2488 Horatii
492 2425 601 2496 Flacci
614 2426 717 2514 Opem
730 2445 804 2542 curn
819 2423 964 2513 quinque
983 2425 1237 2494 commentariis

162 2591 164 2599 ,
201 2529 361 2616 Lugduni,
375 2530 433 2596 fol.

244 2641 566 2722 Qtnntummmimm
573 2643 683 2710 locum
691 2643 982 2732 occupatAscenen
990 2645 1161 2732 expoeruo.
1171 2645 1237 2710 Sed

200 2767 261 2816 nec
271 2751 357 2818 hanc
368 2745 462 2855 ullibi
470 2743 684 2818 memoratam
692 2755 816 2842 reperi,
825 2753 888 2818 nisi
896 2753 931 2823 iu
941 2753 1026 2818 Biht.
1039 2757 1152 2818 Horat.
1165 2779 1199 2842 p.
1211 2757 1233 2820 1.

223 2945 224 2948 ¹
247 2904 344 2984 -’-·().
354 2903 482 2964 Horatii
487 2901 597 2966 Flacci
603 2903 753 2966 poemata
764 2903 876 2964 omaro.
893 2895 1133 2970 centimetrum
1144 2899 1236 2962 Marii

201 3005 318 3070 Servii.
337 3007 576 3072 mutationes
594 3006 669 3072 aldi
686 3005 819 3070 Manutii
836 3005 976 3070 Romani
994 3005 1029 3068 iu
1050 3005 1232 3071 Horatium.
1331 3077 1334 3086 ,

200 3117 294 3180 Ratio
316 3103 505 3198 mensuum,
526 3117 644 3205 quibus
666 3115 748 3182 Ode
771 3114 917 3199 ejusdem
939 3129 1045 3200 poetae
1069 3130 1234 3196 tenentur,
1290 3139 1298 3156 ·

201 3223 319 3288 eodem
334 3226 418 3292 Aldo
435 3227 584 3292 authore.¹
595 3223 730 3290 ‘Nicolai
742 3224 869 3289 Perotti
881 3222 1009 3289 libellus
1022 3223 1166 3308 ejusdem
1178 3231 1236 3291 Ar-

199 3333 356 3418 gumenti.
370 3333 564 3401 Venetiia'in
580 3331 703 3398 aedibus
712 3330 787 3396 Aldi
799 3328 983 3395 etindreoe
995 3331 1113 3411 soceri,
1124 3355 1236 3398 mense
1335 3396 1337 3402 .

170 3414 173 3428 ι
198 3443 377 3508 Novembri
388 3445 570 3522 1111111111,
585 3445 617 3508 8.
743 3497 750 3514 .
994 3525 998 3536 Ι

236 3564 390 3653 Sequitur
397 3552 591 3653 plerumque
598 3564 667 3629 hac
676 3562 776 3629 editio
783 3561 916 3627 Aldinae
924 3561 1236 3652 anteriorcmqnam·
1256 3581 1259 3586 '

197 3695 293 3760 quam
307 3695 431 3738 novam
445 3673 674 3738 recensionem
689 3670 804 3736 fecisse
818 3668 923 3734 videri
939 3669 1009 3734 ruit
1023 3673 1141 3736 Franc.
1156 3660 1234 3735 Aeri-

195 3781 306 3861 lanua,
326 3781 383 3870 qui
403 3783 439 3847 in
458 3782 552 3870 epist.
579 3779 620 3846 ad
636 3783 690 3844 Jo.
712 3778 830 3844 Pinum
850 3779 895 3854 ita
912 3763 954 3843 de
973 3801 1032 3842 suo
1051 3777 1182 3866 labore,
1205 3779 1235 3842 ei

197 3890 348 3978 impenso
359 3915 367 3952 ι
380 3905 532 3976 poemata
543 3887 585 3953 ad
599 3886 797 3954 exactiorem
811 3885 1055 3973 castigationem
1067 3882 1234 3948 revocavi·

271 4015 329 4050 1108·
345 4015 384 4049 tlt.
1051 4015 1092 4060 10
