2906 4694
442 448 720 516 CODlClBUS
744 449 844 514 MSS.
1077 461 1081 480 ⁴
1146 477 1187 548 77

149 589 182 652 in
193 589 282 652 calce
292 583 559 674 splendidissime
569 607 633 648 suta
643 584 795 648 editionis
805 561 986 670 adjicienda
995 588 1130 652 curavit.
1143 593 1190 654 lta
1326 667 1328 675 J

149 719 226 762 vero
238 695 482 760 accuratissime
495 717 552 758 eos
563 693 737 758 describit:

195 807 274 870 cod.
294 810 341 870 A.
363 808 488 868 Formae
505 819 640 890 quartas,
661 803 778 868 saectdo
790 808 820 870 X
838 803 1031 868 tribuendus
1049 806 1190 886 videtur,
1229 805 1235 812 ’

150 914 239 1002 quod
249 911 458 1000 frequentior
469 909 765 998 diphthongorum,
776 911 930 998 separatis
941 910 1043 976 literis
1058 913 1191 1001 scripta·

151 1045 310 1088 namucus
323 1037 356 1088 et
367 1021 494 1084 rariora
504 1041 624 1086 vocum
634 1019 831 1106 compendia
840 1019 975 1099 docent,
986 1035 1022 1084 ut
1031 1021 1091 1086 alia
1100 1045 1192 1110 argu·
1226 1046 1228 1053 ’

152 1147 260 1196 menta
276 1147 412 1194 taceam.
429 1127 629 1194 Continehat
641 1128 748 1206 Odas,
764 1129 921 1217 Epistolas
939 1145 1036 1218 atque
1054 1133 1190 1214 Satires,

153 1261 192 1302 ex
209 1239 326 1326 quibus
346 1239 435 1302 varia
454 1253 639 1326 supersunt.
659 1239 773 1302 Statim
790 1245 871 1304 tero
889 1238 982 1303 deest
996 1241 1110 1306 folium
1125 1243 1192 1330 pri-

153 1370 257 1426 mum,
272 1347 420 1436 adeoque
441 1347 558 1434 incipit
575 1346 681 1412 codex
698 1347 739 1411 ab
755 1345 845 1414 Odes
864 1351 907 1425 ll,
925 1348 948 1412 l.
968 1352 995 1426 l,
1008 1371 1040 1412 v.
1058 1351 1092 1427 2,
1113 1349 1191 1416 hinc

152 1457 258 1545 pergit
271 1455 313 1519 ad
329 1479 361 1520 r.
381 1459 395 1518 1
415 1454 496 1520 odes
509 1457 625 1532 xxtx,
642 1454 699 1518 ubi
716 1453 833 1518 lacuna
851 1454 997 1520 occurrit
1010 1453 1051 1516 ad
1062 1477 1192 1520 versum

153 1587 253 1652 usque
264 1568 303 1628 16
316 1563 407 1629 Odes
417 1565 534 1640 XXXI,
544 1561 621 1628 inde
631 1562 785 1650 procedit
794 1563 835 1626 ad
847 1587 879 1627 v.
891 1565 929 1626 91
950 1561 1017 1628 Od.
1030 1567 1074 1640 ll,
1091 1564 1113 1628 l.
1132 1569 1188 1630 lll.

151 1677 229 1740 Tum
246 1675 366 1740 adsunt
383 1674 461 1738 folia
477 1673 565 1752 duo,
575 1697 646 1760 quae
662 1674 845 1760 fragmenta
861 1674 1021 1740 exhibent
1041 1675 1141 1762 Epist.
1163 1681 1193 1742 ll

151 1784 172 1847 l.
187 1790 232 1864 ll,
244 1785 442 1848 scilicetav.
462 1785 524 1846 112
539 1783 580 1846 ad
596 1785 670 1860 152,
688 1783 767 1847 item
782 1805 843 1847 av.
863 1784 922 1846 193
942 1782 1111 1850 adfinem.
1133 1785 1193 1850 Cui

151 1894 308 1976 subjectat
321 1891 473 1975 legtmtur
484 1891 597 1954 Satirae
610 1890 729 1955 ordine
742 1907 914 1974 consueto,
923 1893 981 1956 ubi
990 1907 1098 1966 tamen
1108 1890 1194 1958 exci-

115 1999 121 2006 '
153 2019 227 2062 sum
247 1995 361 2058 solium
382 2019 480 2062 unum
502 1997 634 2061 abstulit
658 2012 786 2083 partem
811 1998 922 2064 Satirae
942 2004 970 2064 ll
990 2015 1025 2065 et
1043 2003 1087 2066 lIl
1105 2001 1127 2066 l.
1146 2005 1193 2082 ll,
1217 2077 1219 2082 ¹

153 2131 172 2170 a
190 2129 223 2170 v.
250 2105 310 2168 132
332 2105 398 2169 Sat.
418 2105 569 2186 11,adv.
595 2107 634 2170 75
652 2106 719 2170 Sat.
744 2109 801 2170 Ill.
823 2101 951 2172 Desinit
968 2107 1074 2174 codex
1093 2133 1125 2174 v.
1153 2113 1195 2174 91

151 2213 220 2278 Sat.
234 2215 273 2278 V.
288 2211 385 2276 Liber
399 2211 440 2278 de
457 2217 534 2278 Arte
550 2214 679 2302 poetica
693 2237 733 2278 cx
750 2237 790 2279 co
804 2215 901 2303 plane
914 2217 1032 2282 exulat.
1048 2217 1130 2284 Satis
1142 2241 1193 2282 ac·
1244 2201 1250 2212 ¹

149 2337 263 2386 curate
279 2337 429 2386 ceterum
440 2323 580 2409 scriptus
589 2337 651 2400 est,
663 2337 696 2386 et
707 2345 726 2385 a
736 2321 822 2388 vitiis
833 2321 1050 2390 immunis.'ln
1057 2323 1194 2390 vocibus

149 2431 342 2520 compositis
357 2447 391 2496 et
403 2431 587 2496 accusativo
601 2431 719 2520 plurali
732 2431 767 2494 in
777 2433 805 2496 is
815 2448 955 2498 exeunte
970 2433 1126 2521 frequens
1138 2457 1194 2498 an·

148 2543 275 2630 tiquam
288 2542 428 2606 formam
442 2557 563 2620 servat,
581 2540 673 2628 quod
687 2540 775 2606 idem
793 2541 884 2608 etde
902 2559 1059 2630 sequente
1079 2541 1194 2609 codice

149 2651 248 2716 valet.
263 2649 378 2736 (Extat
388 2651 423 2714 in
436 2650 521 2714 Bibl.
534 2649 757 2735 Academica.)

197 2760 276 2824 cod.
293 2761 333 2822 B.
356 2763 508 2824 Formam
520 2779 595 2822 cum
611 2757 719 2852 primo
732 2758 880 2822 eamdem
897 2757 1038 2836 obtinet,
1051 2758 1196 2842 ejusdem

151 2889 226 2932 cum
239 2891 281 2932 ao
294 2867 402 2934 seculi
411 2866 575 2954 putandus
587 2881 646 2930 cst.
665 2861 834 2953 Scriptura
845 2865 1006 2930 estniu'da
1015 2881 1049 2930 et
1059 2865 1196 2932 sollicite

151 2991 278 3052 curata3
292 2991 483 3061 argumenta
497 2975 600 3040 rubro
616 2975 729 3040 colore
741 2991 817 3038 sunt
831 2974 943 3038 tincta.
962 2975 1108 3038 Innotuit
1119 2973 1196 3040 olim

156 3086 250 3173 Casp.
271 3085 421 3160 Bartht'o,
445 3086 501 3172 qui
521 3085 725 3150 mentionem
753 3085 821 3167 ejus
844 3081 920 3146 facit
940 3081 975 3146 in
997 3081 1197 3153 Adversariia

155 3193 179 3254 l.
192 3195 336 3272 XXXVI,
347 3215 377 3257 c.
392 3195 443 3256 11.
460 3195 627 3279 Leguntur
639 3191 693 3254 hic
703 3191 782 3278 odo,
797 3206 829 3254 et
845 3187 978 3277 quidem
993 3189 1034 3254 ab
1049 3189 1141 3256 initio
1156 3193 1197 3257 ad

95 3385 96 3391 ἵ
156 3321 246 3364 vers.
262 3301 302 3363 29
317 3300 406 3367 Odes
417 3305 548 3380 XXXV,
562 3302 584 3364 l.
600 3305 625 3365 l.
645 3303 726 3364 Tum
746 3315 890 3388 pergunt
901 3323 933 3363 v.
953 3301 991 3363 19
1006 3299 1096 3366 Odes
1109 3305 1197 3383 Xlll,

156 3409 180 3473 l.
193 3413 237 3486 ll,
251 3410 337 3475 unde
347 3411 505 3476 continua
516 3411 600 3476 serie
612 3409 801 3500 procedunt
811 3411 852 3476 ad
861 3411 959 3476 finem
970 3411 1047 3476 libri
1055 3415 1111 3492 lv,
1123 3430 1200 3502 post

155 3542 255 3606 quem
267 3519 398 3586 ridetur
412 3521 447 3584 in
459 3519 587 3598 codice,
600 3545 641 3586 ex
658 3545 724 3608 quo
741 3521 794 3584 hic
813 3535 927 3586 noster
943 3519 1125 3609 descriptus
1136 3537 1198 3600 est,

155 3643 285 3694 secutus
305 3630 392 3696 liber
413 3629 455 3694 de
477 3633 556 3694 Arte
576 3631 716 3716 poetica.
744 3635 791 3694 lta
812 3626 1053 3696 enimrubrum
1075 3630 1198 3696 habet:

157 3767 171 3797 ι
186 3742 231 3823 Q.
245 3743 287 3801 H.
298 3743 338 3818 ll.
355 3738 398 3803 de
417 3743 496 3804 Arte
514 3738 644 3826 poetica
662 3737 807 3824 explicit,
826 3738 941 3826 incipit
962 3737 1115 3826 Epodou,
1129 3767 1144 3796 ι»
1166 3755 1199 3810 et

148 3847 262 3940 'glossa
271 3847 401 3934 adjecta
410 3849 443 3914 in
454 3848 601 3935 margine
614 3848 675 3913 ista
686 3846 778 3911 addit
789 3872 797 3910 ι
809 3877 823 3906 a
836 3847 1098 3934 Finitisquatuor
1108 3847 1200 3910 libris

155 3958 343 4021 carminum
359 3973 392 4022 et
408 3937 536 4046 poetria
555 3957 708 4025 Horatius
722 3979 740 4019 a
754 3961 930 4021 Mecaenats
947 3971 1091 4041 rogatus,
1108 3970 1156 4031 ut,
1173 3954 1200 4016 si

157 4063 294 4151 aliquod
317 4088 420 4152 genua
441 4067 537 4132 metri
557 4066 643 4154 apud
663 4069 797 4133 Graecos
820 4064 1004 4142 inveniret,
1026 4060 1061 4126 id
1081 4056 1201 4126 Latinis
