2906 4694
240 295 285 376 a(
500 289 566 358 DE
591 288 705 358 VITA
730 287 772 375 Q.
800 285 1013 362 HORATH.

279 422 364 500 Yiila
375 420 503 506 Horatii
513 421 555 484 ab
567 422 638 508 ipso
651 419 887 522 eleguqtissime
900 420 1046 508 pingitur
1056 421 1158 508 Epist.
1170 427 1197 501 1,
1213 426 1246 497 6,
1258 429 1276 488 5

238 554 311 620 sqq.
323 531 392 596 siu
403 545 473 594 erat
484 530 519 594 in
531 529 678 607 Sabinis3
691 553 761 594 non
770 528 887 617 procul
896 529 1016 594 Tibure
1026 551 1139 595 versus
1148 532 1280 620 Aquilo·

223 646 226 652 '
238 641 446 708 nom.Vicina
455 632 629 704 eratVaria
638 639 751 726 (Epist.
763 642 789 716 1,
800 641 852 728 14¹,
866 639 1000 726 3);'item
1010 637 1278 728 Mandela(Ep.'1,

244 747 401 834 18‚105);
421 745 607 834 proximum
618 745 729 810 fanum
737 749 878 811 Vacune
888 743 960 832 (Ep.
974 749 1001 822 1,
1017 747 1056 809 10
1068 744 1179 834 extr.).
1191 750 1279 834 Ager

240 855 414 920 dicebatur
431 853 606 931 Bandusia,
628 854 721 918 fonte
742 852 972 939 Bandusio(C.
988 855 1111 942 111,13)
1129 856 1277 943 insignis,

240 965 328 1052 unde
343 981 433 1048 ortus
450 965 539 1030 rivus
555 965 706 1052 Digentia
717 964 832 1051 (Epist.
847 967 875 1042 1,
892 967 943 1043 18,
959 967 1052 1044 104),
1066 965 1201 1032 fitndum
1213 971 1280 1032 Ho-

238 1076 310 1139 ratii
330 1075 471 1138 suaviter
492 1073 666 1158 irrigabat.¹
683 1071 834 1138 Silvis‘et
852 1066 1044 1140 ner'noribus
1065 1076 1280 1142 amoenissima

205 1205 208 1212 ·
239 1196 309 1246 erat
328 1181 441 1266 regio,
465 1179 612 1266 inprimis
635 1201 747 1244 versus
770 1179 939 1266 antiquum
963 1181 1119 1267 ternplum
1138 1185 1279 1248 Vacuuae

239 1286 283 1370 (v.
299 1286 384 1352 Plin.
402 1286 541 1374 111,12),
561 1285 749 1372 etamplius
769 1307 881 1348 versus
900 1285 1058 1350 Anienem
1077 1289 1110 1350 n.
1129 1303 1163 1352 et
1178 1289 1280 1357 Tibur

239 1396 434 1484 sequebatur
445 1395 535 1462 lucus
544 1393 690 1457 Tiburni.
705 1395 772 1457 Nec
782 1393 919 1459 deerant
928 1417 1015 1473 saxa,
1027 1417 1137 1483 rupes,
1147 1396 1280 1463 dumeta

240 1505 316 1594 (Ep.
332 1509 362 1582 1,
379 1502 519 1592 14,19);
542 1517 577 1564 ut
594 1501 733 1564 maxime
751 1501 881 1588 poetica
900 1502 991 1588 regio
1013 1501 1078 1566 dici
1098 1519 1218 1590 posset.
1239 1509 1280 1572 lu

240 1613 390 1678 convalle
412 1611 498 1676 inter
519 1607 715 1674 Lucretilem
735 1619 883 1672 montem
901 1623 934 1672 et
952 1609 1110 1688 Usticam,
1129 1633 1280 1677 saxosum

241 1720 377 1797 collem,
397 1743 415 1781 a
433 1742 499 1804 quo
518 1718 586 1804 ipsa
605 1717 702 1782 etiarn
720 1717 811 1784 uallis
829 1717 938 1782 Ustica
956 1717 1059 1794 diota,
1079 1742 1148 1784 non
1162 1721 1280 1808 procui

241 1830 332 1892 fonte
353 1825 516 1890 Bandusio
531 1825 576 1910 (v.
592 1827 698 1890 Serm.
712 1829 741 1890 11
750 1825 759 1906 ,’
774 1828 791 1890 6
797 1835 805 1904 ‚'
820 1827 873 1914 2),
890 1826 999 1891 villam
1018 1829 1120 1914 ipsam
1141 1831 1279 1918 positam

242 1938 337 2000 fuisse
351 1931 522 2020 probabile
533 1946 591 1995 est.
604 1933 778 2017 Eleganter
790 1919 860 1998 erat
871 1933 1024 1998 aedificata
1036 1934 1077 2000 de
1088 1936 1162 2000 albo
1171 1935 1280 2024 lapide

242 2045 425 2110 Tiburtino.
438 2039 588 2106 Habebat
596 2041 630 2105 in
641 2064 679 2105 ea
687 2043 839 2106 Horatius
847 2043 989 2107 villicum
997 2065 1071 2108 cum
1079 2049 1279 2128 occasurus,

243 2169 277 2219 ct
289 2153 445 2218 virebant
463 2151 496 2214 in
512 2149 617 2235 agello
636 2149 780 2236 quinque
796 2151 921 2214 familiae
932 2150 1009 2238 (Ep.
1024 2157 1050 2229 1,
1065 2155 1116 2231 14,
1129 2155 1177 2241 3),
1190 2155 1280 2221 unde

128 2339 131 2348 Ι
244 2264 320 2328 satis
334 2262 456 2325 lautum
473 2257 609 2334 fundum
630 2257 725 2321 fuisse
744 2257 952 2344 intelligatur.
968 2261 1177 2348 scripserunt
1187 2263 1280 2350 plura

244 2371 286 2437 de
298 2370 375 2434 villa
386 2369 510 2433 Horatii
523 2368 655 2432 Cluver.
670 2383 737 2430 ant.
751 2367 820 2430 Ital.
834 2371 875 2446 11,
889 2371 906 2432 9
920 2391 991 2456 sqq.
1007 2385 1040 2434 et
1051 2393 1182 2457 magno,
1194 2372 1281 2438 forte

244 2477 346 2544 nimio
362 2475 487 2554 studio,
500 2478 548 2538 M.
561 2478 601 2537 L.
618 2475 801 2562 Copmartt'n
816 2476 851 2538 de
864 2475 995 2564 Chaupy
1007 2477 1040 2540 in
1052 2481 1233 2543 De'couverte
1244 2483 1281 2546 de

246 2587 278 2648 la
290 2585 409 2648 amison
418 2582 452 2645 dc
465 2603 630 2668 tanquagne
642 2581 672 2644 α’
675 2584 813 2658 Horace,
827 2595 920 2646 tontes
929 2587 1000 2646 III.
1016 2587 1122 2662 Bonae,
1136 2589 1232 2666 1767,
1245 2592 1278 2653 8.

245 2689 433 2776 Elegantior
445 2688 548 2751 multo
561 2703 609 2752 est
618 2690 777 2752 Domrizict'
787 2689 821 2752 de
832 2691 949 2754 Sanctis
958 2694 1177 2757 Dt'sscrtazione
1187 2719 1282 2784 sopra

247 2801 278 2861 la
295 2797 371 2860 villu
386 2795 421 2858 di
433 2795 545 2856 Oratio
557 2795 686 2890 Electa.
703 2799 742 2857 In
755 2798 853 2857 Homo
869 2798 963 2870 1761,
977 2801 1008 2860 i.
1029 2803 1177 2888 Denique
1195 2807 1282 2867 Hac-

247 2911 360 2984 ltertus,
382 2903 601 2968 nobilissimus
622 2889 810 2966 delineandi
830 2905 962 2982 artifex,
980 2907 1175 2974 dexterrime
1197 2935 1281 2978 non·

247 3017 334 3082 nulla
350 3015 419 3102 agri
437 3013 526 3102 istius
543 3011 695 3078 Bandusii
705 3012 782 3077 «loca
800 3005 1056 3100 repraesentaiit,
1069 3034 1102 3080 et
1114 3019 1281 3105 ingeniose

248 3125 371 3188 Horatii
385 3123 620 3210 descriptiones
635 3123 671 3186 iis
685 3123 954 3190 accommodavit.
