3014 4678
271 380 340 460 204
638 373 704 440 nu
727 371 937 441 uosuru

317 551 351 560 -
360 516 417 574 Les
429 511 553 575 Poe'st'es
564 507 732 587 dHoraee,
753 509 920 598 disposties
934 511 1065 574 suivant
1077 510 1200 574 l'ordre
1213 512 1311 578 chro-

268 619 382 703 nolog.
401 631 434 680 et
454 614 610 680 traduites
631 639 674 680 eu
694 617 835 700 sranoais
856 640 935 682 aveo
957 617 1016 682 des
1037 635 1227 707 remarques
1247 623 1311 686 cri·

269 729 374 815 tiques
388 747 449 813 par
463 726 493 790 le
508 729 547 788 P.
559 725 726 792 Sauadon.
744 730 772 790 ll
784 727 862 792 voll.
880 729 984 806 Paris,
1000 729 1032 792 t.
1133 741 1138 760 ⁸

311 836 470 922 Princeps
480 834 549 900 fere
557 834 762 914 Sanadonus,
771 835 828 922 qui
838 835 1009 900 artificium
1017 849 1124 924 poetae
1134 835 1312 901 etvirtutes

264 946 410 1034 poeticas
431 967 505 1010 oum
522 967 620 1010 sensu
638 945 807 1034 elegantiae
828 945 989 1032 exposuit.
1015 947 1222 1031 Quamquam
1242 959 1310 1022 est,

266 1055 323 1120 ubi
335 1048 418 1120 uitra
429 1055 530 1120 lineas
542 1055 704 1143 processit
716 1081 723 1118 :
740 1054 800 1120 sed
811 1070 941 1120 utamur
955 1054 1006 1119 CI.
1018 1053 1093 1118 Jani
1107 1053 1237 1118 verbis:

313 1193 326 1222 a
345 1164 559 1243 Sanadonus,
578 1165 642 1244 ait,
660 1165 695 1230 in
711 1179 802 1230 textu
818 1165 943 1230 Horatii
960 1161 1194 1229 constituendo
1209 1186 1310 1250 quum

268 1303 282 1332 a
300 1275 507 1350 Lambinum,
522 1275 717 1362 Cruquium,
730 1273 940 1340 Torrentium
960 1274 1117 1360 aliosque,
1130 1273 1186 1360 qui
1199 1271 1307 1338 Codd.

268 1413 283 1444 a
302 1389 377 1449 Mss.
397 1385 447 1449 usi
461 1400 555 1464 sunt,
569 1385 750 1464 consuluit,
768 1400 838 1448 tum
859 1383 975 1448 multas
994 1379 1134 1448 Bentleii
1152 1382 1307 1448 emendd.

268 1525 283 1554 s
300 1495 364 1560 sibi
381 1493 579 1572 vindicavit3
599 1493 658 1558 sed
674 1494 821 1559 omnitun
840 1492 979 1556 maxime
995 1489 1247 1576 Cuningamium
1262 1513 1312 1556 se·

268 1635 282 1664 a
301 1619 397 1669 cutus
408 1619 471 1682 est,
485 1603 581 1668 etiam
593 1602 651 1666 ubi
667 1603 694 1667 is
710 1603 799 1667 ultra
810 1602 913 1666 lineas
924 1601 1097 1690 processit.
1112 1603 1265 1665 Attamen
1277 1617 1312 1665 et

251 1742 281 1773 ,α
299 1711 409 1776 multae
428 1708 583 1776 emendd.
605 1710 668 1798 ipsi
686 1710 829 1799 propriae
846 1724 934 1773 sunt.
956 1739 970 1766 n
995 1708 1114 1774 Omisit
1131 1732 1211 1773 vero
1227 1731 1312 1778 non-

264 1821 355 1886 nulla
381 1820 546 1899 carmina,
572 1835 606 1884 et
631 1819 799 1886 interdum
826 1817 985 1907 quosdam
1012 1841 1125 1882 versus
1149 1819 1309 1898 resecuit,

265 1927 402 1993 castitati
427 1929 647 1994 consulturus.
678 1929 911 2018 Interpretatio
942 1927 1057 2014 gallica
1087 1927 1234 1994 omnium
1261 1943 1312 1992 est

264 2040 430 2127 princeps.
459 2043 497 2104 ln
520 2039 609 2104 notis
632 2061 701 2102 non
727 2039 835 2103 solum
859 2039 933 2102 loca
960 2037 1154 2103 obscuriora
1178 2041 1311 2126 egregia

264 2147 417 2214 doctrina
433 2147 623 2226 illustravit,
641 2147 700 2212 sed
715 2163 749 2212 et
766 2147 937 2212 artificium
949 2147 1150 2236 virtutesque
1164 2151 1311 2235 poeticas
1326 2195 1331 2204 κ

264 2259 329 2322 alto
339 2257 465 2342 judicio
483 2273 526 2322 et.
536 2280 634 2322 sensu
653 2255 821 2343 elegantiae
836 2257 1027 2344 explicavit3
1043 2257 1188 2320 carmina
1201 2272 1310 2323 tamen

264 2366 306 2431 ad
319 2389 422 2432 annos
434 2390 510 2432 suos
526 2366 718 2432 revocando
736 2389 821 2454 saepe
839 2366 949 2431 forsan
962 2366 1139 2445 aberravit,
1158 2365 1311 2434 ordinem

264 2493 354 2542 certe
367 2478 534 2564 vulgatum
546 2477 726 2566 pervertit:
740 2477 837 2541 ninus
854 2478 952 2542 etiam
967 2477 1131 2542 subtiliter
1143 2476 1310 2542 interdum

263 2603 297 2652 et
308 2587 448 2652 delicate
460 2603 647 2652 venustates
659 2587 786 2652 Horatii
797 2599 924 2652 reseca't
937 2613 944 2651 ε
959 2587 1101 2676 denique
1114 2609 1176 2675 pro
1186 2587 1310 2673 ingenii

207 2733 210 2744 ·
262 2699 311 2763 sui
323 2698 462 2776 luxuria,
475 2697 572 2762 nimis
584 2697 746 2783 allegoriae
756 2696 885 2762 deditus
896 2695 993 2762 etiam
1004 2719 1058 2776 ea,
1068 2720 1139 2784 quae
1150 2719 1189 2760 ex
1199 2719 1309 2782 graeco

263 2810 414 2899 exemplo
433 2807 531 2873 ducta
548 2823 642 2888 sunt,
659 2806 702 2872 ad
718 2831 789 2873 rem
805 2831 994 2888 romanam,
1006 2809 1141 2896 Augusti
1157 2808 1310 2872 familiam

262 2938 297 2987 et
320 2937 469 3008 tempora
494 2920 606 2984 refert.
632 2923 683 2985 De
706 2917 757 2983 his
777 2919 853 2984 edd.
880 2917 1029 3008 piuribus
1053 2919 1204 3006 exposuit
1224 2919 1305 2984 clar.

261 3033 321 3096 Th.
338 3031 460 3117 Christ.
486 3029 601 3095 Harles
620 3007 739 3096 iuvita
758 3035 830 3096 Nat.
849 3029 964 3118 Steph.
982 3029 1165 3110 Sanadoni,
1183 3031 1218 3095 in
1235 3029 1309 3095 vitis

263 3141 382 3206 Philol.
400 3141 467 3205 vol.
485 3143 543 3220 ΙΙΙ,
557 3164 591 3227 p.
608 3141 663 3218 63,
678 3163 728 3228 sq.
754 3221 756 3230 ἢ

316 3323 351 3331 -
379 3287 418 3365 Q.
443 3287 574 3347 Horatii
596 3285 705 3348 Flacci
727 3287 870 3348 Catmt'm
898 3299 1090 3372 expurgata,
1116 3307 1191 3350 cum
1220 3285 1308 3350 notis

262 3397 304 3456 Μ.
322 3391 504 3456 Broohard.
522 3393 625 3457 Paris.
646 3396 676 3456 8.

309 3541 403 3606 1730.
429 3543 714 3608 Dultamelianall.
732 3543 836 3610 Paris.
855 3548 883 3610 11
896 3546 974 3610 voli.
995 3549 1025 3611 8.

312 3683 391 3763 -().
402 3685 555 3748 Horatius
563 3686 707 3764 Flaccus,
720 3707 796 3751 oum
806 3687 960 3753 emeudd.
975 3705 1009 3754 et
1018 3689 1191 3778 interpret.
1205 3713 1304 3755 nova.

260 3793 423 3879 Glasguae,
434 3791 521 3880 apud
532 3797 571 3857 R.
589 3810 622 3859 et
635 3797 672 3860 A.
686 3797 807 3877 Foulis,
826 3802 856 3862 8.

309 3952 403 4017 1731.
425 3955 464 4033 Q.
481 3929 728 4019 Hor-ammam·
745 3957 924 4020 semaam
939 3959 1072 4034 atriu·
1092 3960 1259 4024 recensuit
1274 3973 1308 4028 et
