2906 4694
104 370 976 407 mmmmmswmmmmmmmam
982 371 1146 391 mmmm

223 559 317 664 on
351 555 603 664 turcas
634 507 1044 696 Qssucaaru.
1152 530 1159 542 ’

540 785 725 812 -w—

150 967 305 1040 Tantum,
318 975 386 1025 tam
397 961 535 1038 bouum,
547 974 613 1024 tam
625 961 807 1047 elegantem
818 940 924 1030 virum
935 961 1015 1049 quin
1026 976 1149 1025 amaret
1197 935 1204 958 ¹

109 1073 256 1160 optimus
268 1085 304 1134 et
313 1069 570 1155 elegantissimus
582 1069 729 1157 quisque,
739 1067 810 1134 lieri
821 1092 890 1134 non
901 1085 1041 1157 poterat.
1055 1067 1150 1156 Apud

113 1181 269 1244 Coesamm
284 1183 467 1263 Augustum
485 1178 527 1242 ad
539 1177 788 1243 familiaritatem
801 1201 902 1265 usque
917 1179 1019 1264 gratia
1029 1178 1128 1242 valuit
1140 1203 1148 1254 3

112 1309 188 1352 nam
202 1301 237 1352 et
252 1286 477 1351 delectabatur
494 1287 548 1350 ille
563 1286 696 1372 ingenio
710 1286 870 1365 hominis;
885 1301 919 1352 ct
931 1286 1075 1366 videbat,
1088 1286 1150 1351 sibi
1222 1283 1225 1290 '

114 1397 250 1461 illumet
260 1395 371 1482 gloriae
384 1417 461 1474 sum,
473 1411 506 1458 et
517 1394 700 1483 prudentiae
712 1396 815 1462 civilis
827 1417 949 1474 caussa,
960 1418 1029 1460 esse
1040 1417 1151 1462 neces·
1236 1433 1237 1436 =

116 1508 248 1570 sarium.
266 1503 415 1568 Canebat
432 1503 533 1581 enim,
547 1505 741 1590 plerumque
754 1507 873 1588 jussus,
890 1501 975 1566 illius
988 1503 1151 1581 victorias,

115 1613 306 1700 populoque
324 1615 474 1675 Romano
491 1610 745 1693 commendabat
760 1613 829 1695 ejus
844 1611 933 1697 leges
945 1624 1040 1697 atque
1052 1611 1154 1699 impe-

114 1721 218 1796 rium3
233 1742 305 1806 quae
317 1715 675 1804 omnespulcherrimae
688 1716 759 1781 odae
776 1739 845 1782 esse
863 1718 980 1782 solent.
1000 1718 1155 1784 Omnium

116 1851 199 1894 vero
209 1827 472 1916 potentissimum
482 1821 622 1889 amicum
630 1825 744 1890 babuit
753 1827 789 1890 C.
802 1825 939 1912 Cilnium
945 1829 1153 1904 Μαειηαιεπι,

67 1923 70 1928 ’
117 1936 350 2023 elegantissimi
362 1936 466 1999 virum
480 1934 615 2022 ingenii,
627 1935 801 2000 doctorum
812 1934 982 2000 hominium
994 1933 1155 2021 insignem

117 2061 319 2133 patronum
336 2047 423 2127 cujus
435 2044 534 2108 vitam
550 2043 729 2106 accuratius
746 2042 917 2130 descripsit
931 2047 955 2107 l.
976 2045 1015 2106 ll.
1034 2041 1156 2108 Meibo·

120 2153 207 2218 mius
220 2151 267 2236 (L.
282 2155 323 2242 Β.ι
335 2154 427 2230 1653,
441 2155 498 2240 4⁰).
516 2152 582 2216 Sed
594 2149 713 2239 praeter
724 2151 813 2216 hunc
826 2152 922 2216 etiam
934 2155 982 2216 M.
995 2155 1157 2240 Agrippa,
1197 2171 1199 2176 ·

118 2265 254 2328 Asamus
274 2261 401 2340 Pollii),
423 2263 538 2328 summi
559 2283 596 2324 ac
620 2261 784 2348 principes
805 2261 885 2339 viri,
907 2259 1060 2346 singulari
1083 2283 1157 2324 eum

118 2369 350 2436 benevolentia
363 2369 527 2457 complexi
542 2385 627 2432 sunt:
645 2373 693 2434 Ex
706 2369 811 2456 poetis
828 2368 1011 2456 amicissimi
1026 2367 1159 2432 luerunt

122 2480 290 2563 Virgilius,
316 2481 445 2554 Vanus,
465 2479 591 2542 Plotius
611 2501 648 2542 ac
676 2479 832 2542 Tibullus.
857 2477 923 2542 Sed
944 2477 1057 2542 habuit
1079 2478 1159 2541 alios

120 2589 229 2666 etiam,
247 2587 290 2652 ad
308 2611 392 2674 quos
408 2589 551 2652 carmina
569 2589 710 2674 scripsit,
725 2589 778 2651 vel
792 2610 932 2674 quorum
952 2589 986 2650 in
1005 2586 1054 2650 his
1067 2610 1157 2652 men·
1237 2643 1242 2650 .

119 2697 244 2762 tionem
256 2697 345 2762 lecit.
363 2700 430 2761 Nos
445 2701 511 2782 jam
524 2697 668 2762 dicamus
680 2697 827 2783 quaedam
839 2697 879 2760 de
895 2696 932 2760 iis
946 2695 1071 2761 Horatii
1083 2696 1159 2760 ami-

121 2806 181 2883 cis,
192 2828 277 2892 quos
291 2805 370 2870 libri
383 2809 396 2869 l
410 2819 443 2869 et
460 2809 490 2868 ll
510 2807 611 2891 gratia
629 2828 725 2870 nosse
742 2807 895 2882 interest;
910 2804 1033 2868 omissis
1052 2819 1160 2868 tamma

121 2913 173 2990 iis,
185 2915 241 3000 qui
255 2913 310 2977 vel
325 2913 401 2976 satis
419 2913 559 2976 illustres
579 2935 616 2975 ac
635 2913 704 2982 noti
714 2961 722 2990 ‚
743 2912 795 2976 vel
810 2927 926 2975 contra
945 2910 1093 2986 obscuri,
1108 2909 1161 2972 vel
1232 2887 1236 2904 ⁸

123 3019 265 3108 denique
277 3021 312 3085 in
326 3022 527 3107 argumentis
541 3021 722 3085 carminum
731 3025 798 3104 jam
811 3018 1059 3084 commemorati
1072 3033 1157 3080 sunt.
1214 3035 1217 3054 ι

152 3159 154 3162 ·
171 3131 209 3190 1,.
225 3129 361 3204 Sextius,
374 3127 417 3192 ad
428 3151 527 3216 quem
539 3143 588 3192 est
603 3129 641 3191 C.
658 3131 670 3188 l
683 3174 691 3204 ,
705 3131 724 3188 4
736 3173 743 3203 ,
756 3125 886 3190 videtur
900 3145 969 3188 esse
988 3125 1033 3200 is,
1051 3145 1161 3211 quem

126 3235 220 3296 Bruti
243 3225 532 3312 studiosissimum,
556 3239 714 3320 Augustus
736 3255 764 3296 a.
780 3235 819 3297 U.
838 3233 920 3305 731,
940 3233 1109 3298 consulem
1129 3233 1162 3296 in

123 3341 239 3404 locmn
251 3341 478 3406 suumsullecit
488 3367 497 3417 3
508 3363 540 3404 v.
553 3341 617 3422 Dio
627 3342 725 3403 XLlll
738 3355 821 3402 extr.
835 3337 902 3404 Sed
908 3353 982 3402 ante
994 3339 1027 3403 id
1038 3355 1163 3426 tempus

123 3448 191 3514 ode
205 3449 326 3537 scripta
343 3449 494 3530 ridetur;
511 3449 597 3514 unde
612 3451 694 3514 male
715 3449 748 3513 in
767 3449 859 3512 titulo
876 3446 1005 3513 additur
1023 3451 1164 3513 consulu·

123 3581 188 3624 rem
210 3583 222 3619 .·
244 3579 352 3646 neque
376 3574 467 3623 recte
496 3559 633 3622 Publius
657 3558 789 3634 dicitur,
812 3571 865 3620 aut
889 3557 1017 3622 ostendi
1037 3573 1164 3645 potest,

122 3681 252 3743 utrum,
275 3666 366 3752 quod
383 3667 416 3730 in
440 3657 634 3753 quibusdam
649 3665 741 3748 uss,
758 3680 824 3741 cst,
842 3687 1028 3751 cognomen
1043 3669 1168 3748 Quirini

121 3795 240 3838 verum
259 3773 310 3836 sit.
336 3773 417 3837 Male
438 3789 471 3838 et
492 3775 602 3864 ipsca
626 3771 734 3836 multis
755 3773 907 3838 scribitur
930 3777 1055 3852 Sesu'us,
1077 3775 1166 3861 quod

119 3895 236 3970 aperte
249 3895 300 3944 est
311 3905 329 3945 e
342 3884 531 3968 corruptela
549 3903 653 3966 graeca
665 3885 788 3958 Σέστιος.

164 3999 210 4060 L.
230 3999 351 4060 Varius
370 4012 568 4059 memoratur
585 3996 623 4059 C.
641 3998 673 4070 1,
694 3995 722 4055 6.
743 3998 844 4058 Poeta
858 3995 967 4077 opicus
983 4004 1016 4053 et
1030 3989 1167 4075 tragicus

107 4103 360 4190 nobilissimus,
381 4125 478 4188 quem
492 4101 640 4188 Virgilius
654 4100 723 4164 Ecl.
740 4104 798 4176 lll,
815 4101 853 4162 35
870 4123 876 4173 ;
893 4083 985 4160 Mart.
1002 4098 1091 4170 Vlll‚
1111 4097 1166 4166 18;
