2994 4684
259 331 324 402 108
623 327 690 396 nu
714 310 924 396 nostru
1273 399 1277 406 ,

255 465 355 534 codd.
366 465 458 530 MSS.
474 477 623 565 ususest,
631 461 703 544 sed,
716 464 846 551 vulgata
856 464 1000 530 lectione
1006 461 1073 554 ¹pru
1082 465 1297 533 ftmdamento

253 575 377 664 posita,
396 595 438 637 ex
456 585 753 638 commentatorum
771 572 1002 640 animadversa.
1021 573 1190 640 interdum
1208 591 1297 643 etex

253 681 401 768 ingenio,
420 695 544 744 textum
561 678 740 744 constituit.
760 683 926 768 Excerpta
944 703 962 746 e
983 680 1174 748 Scholiastis
1190 682 1296 762 dedit,

254 790 339 856 etin
359 787 409 852 his
427 787 504 876 ipsis
523 788 621 854 stiam
640 787 789 876 quandam
806 785 1005 854 emendavit.
1027 791 1066 854 ln
1085 789 1232 857 editione
1250 791 1296 856 al·

253 911 324 961 tera
347 897 428 958 1725
456 917 527 982 qtroe
550 910 778 975 accesserunt,
802 910 928 962 tantum
952 917 1023 962 non
1046 897 1157 962 omnia
1180 913 1296 963 contm

252 1003 438 1070 Bentleium
454 1018 542 1073 sunt.
559 1003 703 1094 Repetiit
717 1003 804 1070 hanc
817 1006 985 1092 Gesnepus
997 1003 1032 1070 in
1043 1007 1239 1084 Germania3
1261 1022 1297 1072 nt
1366 1077 1368 1081 ,

185 1177 187 1181 ,
252 1137 330 1179 mox
342 1111 481 1180 dicetur.

260 1251 264 1258 ·
302 1220 369 1286 Sed
395 1221 605 1287 clarissimam
632 1221 728 1310 hujus
752 1223 861 1290 saeculi
883 1222 971 1290 haud
993 1222 1093 1289 dubie
1116 1223 1296 1290 editionem

183 1357 188 1364 ·
252 1331 344 1396 dedit
356 1335 394 1398 Il.
412 1334 579 1412 Beothius,
594 1333 651 1423 qui
664 1334 835 1400 Horatium
849 1349 915 1398 tam
932 1357 973 1398 ex
988 1332 1088 1399 codd.
1104 1334 1197 1398 MSS.
1212 1355 1297 1422 quos

252 1441 410 1530 plurimos
426 1434 552 1524 habuit,
562 1467 660 1531 qnam
673 1467 715 1508 ex
725 1443 1071 1532 suspicioncsamplius
1081 1443 1202 1508 DCCC
1214 1439 1296 1506 locis

251 1555 449 1622 emendavit.
470 1553 653 1620 Plurimum
671 1575 750 1618 sarie
768 1553 798 1617 ei
811 1552 913 1618 debet
924 1551 1089 1626 Horatius,
1102 1565 1215 1637 estque
1226 1549 1295 1628 hic,

251 1665 348 1728 ctiam
359 1665 416 1728 ubi
431 1679 533 1745 errat,
546 1664 588 1728 ah
600 1662 725 1752 ingenii
737 1662 963 1750 doctrinaeque
975 1659 1198 1749 magnitudine
1209 1683 1296 1733 sern-

250 1796 311 1860 per
327 1771 530 1838 admirabilis
548 1795 585 1838 ac
604 1771 824 1840 venerandus.
845 1771 976 1836 Prodiit
988 1771 1094 1860 prima
1112 1773 1178 1856 ejus
1192 1767 1295 1834 editio

250 1903 280 1944 a.
306 1879 402 1956 1711,
422 1879 509 1944 notis
528 1879 570 1944 ud
589 1865 713 1946 calcem
733 1881 812 1944 libri
832 1878 1008 1964 subjectis:
1027 1877 1245 1954 emendatior,
1262 1893 1297 1942 et

251 1987 353 2054 cuivis
371 1987 497 2073 paginas
515 1986 688 2050 substratis
706 1987 811 2064 notis,
831 1985 971 2074 repetita
989 1985 1124 2050 Amstel.
1144 2007 1174 2048 a.
1199 1986 1294 2064 1713,

255 2095 351 2172 1728,
370 2094 450 2158 item
461 2093 573 2181 lipsiae
589 2096 684 2172 1761,
703 2093 846 2160 Londini
860 2096 955 2158 1765.
977 2097 1104 2159 Recusa
1120 2095 1218 2160 etiam
1232 2109 1295 2170 cst,

251 2199 311 2266 sed
333 2200 422 2264 notis
445 2199 479 2264 in
503 2199 738 2287 compendium
760 2201 883 2280 missis,
907 2201 1066 2266 Cantabr.
1091 2203 1192 2281 1713,
1217 2223 1296 2266 cura

250 2310 309 2376 Th.
326 2308 477 2374 Bentleii.
494 2313 613 2374 Nactus
632 2324 682 2373 est
693 2309 801 2374 Bentl.
821 2309 1025 2376 adversarios
1036 2311 1205 2399 plurimos.
1223 2313 1297 2376 Fuit

250 2443 366 2484 eorum
378 2419 503 2507 primus
521 2440 717 2506 anonymus,
736 2419 827 2502 cujus
844 2409 968 2484 exstat:
983 2418 1214 2484 «Aristarchus
1229 2441 1296 2484 am·

251 2525 379 2615 pullans
390 2525 425 2592 in
437 2525 523 2590 curis
534 2525 733 2604 Horatianis,
746 2541 881 2592 auctore
892 2526 1096 2616 Philargyrio
1108 2527 1267 2594 Cantabr.
1279 2557 1293 2586 a

250 2633 393 2700 Londin.
415 2635 511 2714 1712,
523 2635 554 2698 8.
572 2635 710 2700 Secutus
723 2649 773 2698 est
784 2663 798 2692 a
811 2633 967 2698 Richardi
979 2634 1145 2700 Johnsuni
1158 2637 1295 2700 Aristar-

250 2745 330 2810 chus
343 2744 638 2810 Antihentleianus.
657 2773 671 2803 s
693 2743 917 2832 Nottingham.
935 2747 1031 2827 1717,
1046 2749 1077 2810 8.
1096 2746 1171 2810 Fuit
1184 2745 1219 2810 in
1230 2743 1295 2810 huc

251 2856 323 2922 viro
336 2857 442 2942 major
459 2853 615 2920 adversus
632 2853 815 2920 Bentlcium
832 2853 1004 2933 acerbitas,
1017 2877 1115 2942 quam
1127 2853 1291 2919 doctrina.

300 2966 459 3032 Omnium
486 2963 675 3030 doctissime
704 2963 739 3028 in
766 2961 831 3030 hoc
858 2963 1049 3051 castigando
1074 2980 1221 3030 versuum
1247 2978 1297 3028 est

250 3075 432 3140 Alexmsder
449 3075 693 3160 Cum'ngamius,
715 3073 772 3160 qui
793 3097 823 3137 a.
846 3075 926 3136 1711
950 3071 1064 3160 (Hagae
1086 3073 1202 3160 Com.)
1226 3095 1296 3136 non

250 3183 356 3246 solum
368 3181 472 3246 edidit
483 3212 497 3242 a
508 3182 691 3260 Horatium,
703 3204 743 3247 ex
754 3181 894 3269 antiquis
905 3179 1013 3246 Codd.
1027 3196 1060 3246 et
1072 3182 1172 3245 certis
1184 3181 1296 3246 obscr-

250 3288 437 3352 rationibus
445 3289 537 3374 (quas
548 3289 698 3376 inprimis
708 3311 750 3354 ex
758 3287 874 3354 codice
885 3287 1060 3354 Blandinio
1070 3289 1295 3375 antiquissimu

252 3397 388 3482 Cruqnii
398 3413 432 3460 ct
440 3397 550 3463 Pierio
557 3399 733 3464 Valeriano
745 3397 808 3462 sibi
819 3397 1268 3488 informasset)emendatnm‚
1278 3427 1293 3456 ι»

251 3527 326 3568 cum
337 3505 435 3570 variis
444 3505 534 3571 lectt.
549 3506 608 3571 sed
620 3505 760 3592 subjecit
772 3507 869 3571 etiarn
881 3505 958 3572 huic
972 3507 1110 3572 editioni
1120 3536 1134 3566 a
1143 3505 1298 3571 Animad-

251 3611 419 3676 vcrsiuncs
431 3613 465 3676 in
477 3613 617 3678 Bentleii
629 3630 724 3680 notas
737 3629 770 3680 et
784 3614 1045 3694 observationes,
1062 3645 1076 3673 n
1092 3613 1297 3679 doctissim'as

251 3719 337 3798 illas,
358 3736 392 3788 et
412 3719 500 3786 unde
521 3721 655 3786 eximios
676 3723 802 3787 fructus
817 3745 935 3810 capere
957 3723 1060 3812 possit
1079 3723 1210 3787 critices
1229 3737 1296 3790 stu·

251 3826 372 3892 diosus.
397 3831 435 3892 ln
455 3827 657 3893 Londinensi
678 3829 823 3915 ejusdem
845 3831 922 3894 anni
945 3829 1024 3894 edit.
1047 3829 1211 3894 accedunt
1230 3829 1297 3892 Ob-

251 3936 428 4002 servationes
452 3931 562 4000 criticis
587 3936 690 4001 textui
712 3937 876 4024 subjectu.
903 3937 1048 4026 Amplius
1073 3939 1189 4003 CCCC
1216 3936 1300 4002 locis
