2906 4694
443 411 509 476 nu
533 408 577 495 Q.
604 407 833 476 nonaum.

158 539 167 563 ι
190 548 381 625 Qu'llorttcc¹
399 559 509 606 conuut
524 548 591 605 bien
605 548 760 624 l’cldganee
772 547 918 604 romaico!

271 652 298 706 Il
311 661 370 708 met
382 649 410 706 le
423 650 485 704 urai
498 648 570 704 dans
583 659 647 704 tout
663 666 716 703 son
730 647 810 720 jour,

190 753 229 809 Et
241 749 437 830 l’adrniration
450 761 491 806 est
504 749 638 823 toujours
653 748 809 804 incertaine

270 852 362 908 Entre
375 851 403 906 la
420 853 524 926 pensde
538 861 566 906 et
581 850 609 905 le
625 861 701 906 tour.

194 953 335 1020 Subltme,
349 950 481 1020 familior,
495 949 599 1019 solide,
614 949 734 1023 enjoue,
748 947 867 1017 tendre',

271 1052 353 1119 Atat,
367 1051 509 1127 prosond,
523 1051 587 1108 na'r'l
598 1061 626 1107 et
639 1048 697 1116 fin,

195 1153 290 1231 Digne
303 1153 340 1210 de
353 1153 504 1222 l’unirers,
520 1148 656 1208 l'univers
669 1168 746 1227 pour
758 1147 918 1208 l’eutendre

278 1255 360 1311 Aime
375 1253 393 1310 a
406 1253 559 1311 rederenir
574 1251 653 1307 latin.

161 1393 310 1462 Horatii²
324 1393 506 1458 carminum
519 1391 665 1456 lectione
681 1390 836 1456 delectati
850 1405 927 1455 sunt
938 1389 1005 1455 duo
1021 1393 1165 1480 Impera·

121 1525 206 1574 tores
219 1503 462 1595 sapientissimi,
474 1509 634 1590 Augustus
647 1517 680 1567 et
691 1505 844 1568 Severus.
860 1505 918 1566 Est
927 1523 1023 1588 vero,
1035 1502 1071 1566 in
1084 1503 1166 1570 Odis
1192 1495 1194 1502 Α

122 1617 314 1704 presertim,
328 1611 617 1690 elaboratissimus,
632 1609 791 1690 sublimis,
806 1609 925 1690 suavis,
944 1607 1167 1674 emendatissi-

122 1749 201 1808 mus,
218 1727 302 1792 etin
316 1722 469 1813 epithetis
484 1719 678 1808 deligendis,
697 1736 734 1786 ut
749 1718 898 1785 Petronii
915 1719 1022 1784 verbo
1040 1717 1148 1784 dicam
1157 1767 1167 1800 ‚

123 1838 249 1902 curiosa
258 1837 328 1920 ejus
336 1833 472 1896 felicitas
483 1855 491 1893 ε
504 1824 987 1918 praecipuusinSatira,doctor
995 1825 1031 1890 in
1038 1825 1169 1913 poetica
1210 1818 1216 1828 '

122 1959 191 2009 arte
205 1943 305 2006 unice
317 1938 494 2004 audiendus
505 1963 513 2002 ε
531 1937 666 2003 eximius
677 1935 894 2025 philosophus
905 1935 940 2002 in
950 1935 1116 2024 Epistolis.
1131 1941 1170 2000 ln

123 2052 271 2118 carmine
284 2047 474 2136 elegantiam
486 2061 520 2110 et
530 2046 683 2133 peritiam
694 2068 911 2112 numerorum
924 2045 955 2110 ei
967 2044 1082 2108 tribuit
1091 2044 1170 2112 Ovi-

124 2161 211 2240 dius
223 2162 258 2226 n
271 2159 465 2247 agamenes
477 2132 669 2245 §apientiam
680 2171 715 2220 et
725 2156 1086 2234 emineamrersim
1098 2155 1171 2218 ain-

123 2269 266 2354 gentiam
279 2263 686 2340 elucubratamJuvenalis3
699 2263 930 2328 sublimitatem
942 2279 1171 2344 auctorvetus,

119 2373 180 2439 sed
201 2398 273 2440 non
292 2373 497 2448 nominatum
517 2369 775 2456 jucunditatem,
801 2371 956 2457 gratiam,
979 2371 1172 2437 varietatem

125 2483 356 2567 Quintilianum
368 2479 547 2545 sollertiam
559 2479 726 2566 Apuleium
740 2480 775 2544 in
786 2481 940 2545 sermone
951 2482 1127 2569 puritatem
1139 2497 1173 2546 et

122 2593 270 2686 nitorem¹
278 2592 368 2658 idem
381 2589 602 2674 Quintilianus
611 2615 620 2654 z
628 2590 670 2654 ‘in
681 2588 795 2654 Satiris
809 2613 885 2656 eum
897 2613 967 2656 esse
978 2591 1173 2658 emendatis·

122 2703 239 2768 sunum
258 2701 454 2768 lactantius.
481 2702 627 2766 Imitatus
647 2701 749 2766 estin
770 2699 852 2780 Odia
872 2703 1077 2790 potissimtun
1096 2723 1172 2768 cum

115 2807 267 2902 ¹Pindairo
278 2813 423 2902 Alcaeum
432 2825 466 2876 et
475 2810 706 2900 Sapphonem:
721 2809 867 2899 epitheta
875 2811 989 2876 sumsit
1000 2811 1041 2876 ab
1051 2814 1172 2876 Home·

123 2941 162 2986 ro
176 2937 211 2987 et
224 2921 405 3010 Sophocle.
420 2924 460 2984 ln
471 2917 560 2985 libro
569 2920 713 3010 Epodon
720 2936 851 2985 secutus
864 2901 918 2984 est
922 2919 1171 3000 Archilochum,

123 3029 159 3095 in
171 3032 284 3097 Satiris
294 3035 464 3096 Romanos
471 3031 547 3096 illos
558 3031 703 3096 Ennium
713 3045 746 3095 et
754 3027 922 3100 Lucilium.
935 3029 1004 3095 Sed
1014 3030 1171 3096 Ηοηιιίο3

123 3137 208 3202 nihil
217 3138 282 3203 hoc
292 3140 459 3226 ingenere
468 3139 673 3226 praestantius
683 3155 744 3218 est,
755 3141 812 3226 qui
821 3155 858 3204 ut
867 3161 981 3204 omnes
990 3139 1064 3204 ritae
1073 3142 1174 3206 ratio·

30 3239 31 3242 ¹
124 3269 187 3311 nes
199 3247 234 3311 in
248 3249 360 3313 Satiris
375 3249 441 3332 suis
457 3249 647 3338 complexus
663 3247 735 3328 fuit,
749 3247 794 3312 ita
805 3249 957 3344 flosculos
972 3249 1172 3338 suppeditat,

122 3356 246 3442 quibus
262 3357 377 3422 minua
386 3357 422 3424 in
432 3357 569 3424 modum
588 3381 709 3425 ornare
729 3381 917 3424 sermonem
932 3375 1083 3426 nostrum
1098 3385 1173 3449 pos·

117 3489 245 3532 sumus.
272 3471 342 3555 Ego
364 3483 457 3535 certe
479 3471 601 3535 Satiras
614 3473 683 3557 ejus
700 3493 816 3536 omnes
841 3471 1007 3536 memorie
1026 3472 1176 3538 mandari
1250 3549 1253 3557 ¹

119 3575 236 3656 velim,
251 3592 321 3641 tum
337 3577 373 3641 in
391 3578 458 3643 vita
469 3570 551 3666 ipsa,
567 3593 636 3642 tum
649 3577 684 3643 in
697 3567 851 3643 sermone
865 3575 935 3642 us'ui
952 3577 1087 3642 futuras.
1101 3579 1175 3644 Ele·

118 3684 313 3768 gantissima
327 3685 440 3751 omnia
453 3701 548 3767 sunt,
561 3685 661 3751 dictio
671 3687 787 3762 nitida,
798 3703 843 3766 et,
856 3687 884 3752 si
895 3709 1053 3754 numeros
1065 3689 1172 3767 tollas,

159 3865 185 3904 t.
209 3854 311 3905 Poe'sies
326 3853 358 3907 de
372 3855 410 3905 Μ.
425 3855 538 3908 lloudurt
553 3856 585 3907 de
599 3857 635 3907 La
669 3857 862 3920 Schraderiaua‚
886 3874 912 3908 n.
938 3867 1025 3919 ¹885,
1048 3857 1174 3910 in-lolio.

117 3935 212 4000 Mona,
227 3947 287 3988 tom.
301 3938 340 4001 ll,
351 3956 376 4005 p.
392 3949 434 3990 82.
708 3952 732 3991 ³.
747 3941 854 3994 Mor-hof.
867 3941 986 4010 Polyhirt.
999 3942 1016 3993 Ι.
1029 3941 1081 4008 lll,
1092 3961 1113 3993 c.
1125 3941 1177 4002 VI,
1235 3991 1239 3998 ,

156 4031 183 4071 2.
202 4021 632 4080 Consanadhunclocumlliblioth.
672 4041 697 4091 p.
713 4036 774 4088 tot,
789 4037 845 4078 tom.
858 4025 880 4076 1.
