<?xml version="1.0" encoding="UTF-8"?>
<!DOCTYPE html PUBLIC "-//W3C//DTD XHTML 1.0 Transitional//EN"
    "http://www.w3.org/TR/xhtml1/DTD/xhtml1-transitional.dtd">
<html xmlns="http://www.w3.org/1999/xhtml" xml:lang="en" lang="en">
 <head>
  <title>
</title>
<meta http-equiv="Content-Type" content="text/html;charset=utf-8" />
  <meta name='ocr-system' content='tesseract 3.04.00' />
  <meta name='ocr-capabilities' content='ocr_page ocr_carea ocr_par ocr_line ocrx_word'/>
</head>
<body>
  <div class='ocr_page' id='page_1' title='image "./quintushoratius00lemagoog_0142.png"; bbox 0 0 2994 4684; ppageno 0'>
   <div class='ocr_carea' id='block_1_1' title="bbox 153 675 1240 1640">
    <p class='ocr_par' dir='ltr' id='par_1_1' title="bbox 169 675 1232 960">
     <span class='ocr_line' id='line_1_1' title="bbox 234 675 1118 829; baseline 0.014 -25"><span class='ocrx_word' id='word_1_1' title='bbox 234 675 442 829; x_wconf 43' lang='lat' dir='ltr'><strong>Quamouatit</strong></span> <span class='ocrx_word' id='word_1_2' title='bbox 454 739 613 806; x_wconf 82' lang='lat' dir='ltr'><strong>idoneum</strong></span> <span class='ocrx_word' id='word_1_3' title='bbox 623 744 694 828; x_wconf 78' lang='lat' dir='ltr'><strong>cjna</strong></span> <span class='ocrx_word' id='word_1_4' title='bbox 706 757 822 808; x_wconf 78' lang='lat' dir='ltr'><strong>testem</strong></span> <span class='ocrx_word' id='word_1_5' title='bbox 833 741 942 812; x_wconf 72' lang='lat' dir='ltr'><strong>adhue</strong></span> <span class='ocrx_word' id='word_1_6' title='bbox 952 743 1118 816; x_wconf 47' lang='lat' dir='ltr'><strong>desiderat</strong></span> 
     </span>
     <span class='ocr_line' id='line_1_2' title="bbox 169 847 1232 960; baseline 0.016 -26"><span class='ocrx_word' id='word_1_7' title='bbox 169 897 173 906; x_wconf 80' lang='lat'>‚</span> <span class='ocrx_word' id='word_1_8' title='bbox 236 871 319 951; x_wconf 80' lang='grc' dir='ltr'><strong>-ρ,</strong></span> <span class='ocrx_word' id='word_1_9' title='bbox 329 870 436 934; x_wconf 75' lang='lat' dir='ltr'><strong>nrt.</strong></span> <span class='ocrx_word' id='word_1_10' title='bbox 447 847 911 960; x_wconf 69' lang='lat' dir='ltr'><strong>Arspoetoa‚m1m&#39;n0tisrr.</strong></span> <span class='ocrx_word' id='word_1_11' title='bbox 925 879 1113 947; x_wconf 62' lang='lat' dir='ltr'><strong>ratramne</strong></span> <span class='ocrx_word' id='word_1_12' title='bbox 1124 903 1151 948; x_wconf 75' lang='lat' dir='ltr'><strong>s.</strong></span> <span class='ocrx_word' id='word_1_13' title='bbox 1162 884 1184 949; x_wconf 83' lang='lat'><strong>1.</strong></span> <span class='ocrx_word' id='word_1_14' title='bbox 1200 889 1232 952; x_wconf 73' lang='grc'><strong>4.</strong></span> 
     </span>
    </p>

    <p class='ocr_par' dir='ltr' id='par_1_2' title="bbox 153 975 1239 1278">
     <span class='ocr_line' id='line_1_3' title="bbox 233 975 1239 1082; baseline 0.017 -38"><span class='ocrx_word' id='word_1_15' title='bbox 233 975 429 1044; x_wconf 82' lang='lat' dir='ltr'><strong>Possidebat</strong></span> <span class='ocrx_word' id='word_1_16' title='bbox 442 979 623 1082; x_wconf 81' lang='lat' dir='ltr'><strong>Petrarcha</strong></span> <span class='ocrx_word' id='word_1_17' title='bbox 635 981 795 1048; x_wconf 87' lang='lat' dir='ltr'><strong>Codiccm</strong></span> <span class='ocrx_word' id='word_1_18' title='bbox 807 985 935 1050; x_wconf 79' lang='lat' dir='ltr'><strong>Horatii</strong></span> <span class='ocrx_word' id='word_1_19' title='bbox 949 989 1112 1075; x_wconf 79' lang='lat' dir='ltr'><strong>quantivis</strong></span> <span class='ocrx_word' id='word_1_20' title='bbox 1125 995 1239 1082; x_wconf 80' lang='lat' dir='ltr'><strong>pretii,</strong></span> 
     </span>
     <span class='ocr_line' id='line_1_4' title="bbox 192 1087 1237 1187; baseline 0.002 -35"><span class='ocrx_word' id='word_1_21' title='bbox 192 1109 290 1176; x_wconf 83' lang='lat' dir='ltr'><strong>quem</strong></span> <span class='ocrx_word' id='word_1_22' title='bbox 310 1087 347 1154; x_wconf 88' lang='lat' dir='ltr'><strong>in</strong></span> <span class='ocrx_word' id='word_1_23' title='bbox 369 1087 586 1176; x_wconf 81' lang='lat' dir='ltr'><strong>exprimenda</strong></span> <span class='ocrx_word' id='word_1_24' title='bbox 604 1093 643 1156; x_wconf 76' lang='lat' dir='ltr'><strong>A.</strong></span> <span class='ocrx_word' id='word_1_25' title='bbox 663 1094 701 1156; x_wconf 87' lang='grc' dir='ltr'><strong>Ρ.</strong></span> <span class='ocrx_word' id='word_1_26' title='bbox 724 1106 899 1180; x_wconf 74' lang='lat' dir='ltr'><strong>sequutum</strong></span> <span class='ocrx_word' id='word_1_27' title='bbox 918 1091 1096 1162; x_wconf 83' lang='lat' dir='ltr'><strong>admodtnn</strong></span> <span class='ocrx_word' id='word_1_28' title='bbox 1116 1099 1237 1187; x_wconf 69' lang='lat' dir='ltr'><strong>proha.¹</strong></span> 
     </span>
     <span class='ocr_line' id='line_1_5' title="bbox 153 1196 335 1278; baseline 0 -16"><span class='ocrx_word' id='word_1_29' title='bbox 153 1225 167 1278; x_wconf 61' lang='lat' dir='ltr'><em>g</em></span> <span class='ocrx_word' id='word_1_30' title='bbox 192 1196 258 1263; x_wconf 80' lang='lat' dir='ltr'><strong>bile</strong></span> <span class='ocrx_word' id='word_1_31' title='bbox 274 1211 335 1263; x_wconf 77' lang='lat' dir='ltr'><strong>eat.</strong></span> 
     </span>
    </p>

    <p class='ocr_par' dir='ltr' id='par_1_3' title="bbox 195 1293 1238 1528">
     <span class='ocr_line' id='line_1_6' title="bbox 238 1321 1238 1420; baseline 0.009 -29"><span class='ocrx_word' id='word_1_32' title='bbox 238 1329 334 1391; x_wconf 88' lang='grc'><strong>1495.</strong></span> <span class='ocrx_word' id='word_1_33' title='bbox 363 1329 403 1411; x_wconf 82' lang='lat' dir='ltr'><strong>Q.</strong></span> <span class='ocrx_word' id='word_1_34' title='bbox 416 1327 547 1392; x_wconf 76' lang='lat' dir='ltr'><em>Horatii</em></span> <span class='ocrx_word' id='word_1_35' title='bbox 559 1321 669 1394; x_wconf 82' lang='lat' dir='ltr'><strong>Flacci</strong></span> <span class='ocrx_word' id='word_1_36' title='bbox 683 1329 801 1420; x_wconf 81' lang='lat' dir='ltr'><em>Opera,</em></span> <span class='ocrx_word' id='word_1_37' title='bbox 818 1348 893 1394; x_wconf 88' lang='lat' dir='ltr'><strong>cum</strong></span> <span class='ocrx_word' id='word_1_38' title='bbox 911 1326 1053 1418; x_wconf 80' lang='lat' dir='ltr'><strong>quatnor</strong></span> <span class='ocrx_word' id='word_1_39' title='bbox 1071 1351 1238 1400; x_wconf 88' lang='lat' dir='ltr'><strong>commcn-</strong></span> 
     </span>
     <span class='ocr_line' id='line_1_7' title="bbox 195 1434 1076 1528; baseline 0.005 -26"><span class='ocrx_word' id='word_1_40' title='bbox 195 1437 291 1502; x_wconf 75' lang='lat' dir='ltr'><strong>eriis.</strong></span> <span class='ocrx_word' id='word_1_41' title='bbox 305 1437 452 1505; x_wconf 73' lang='lat' dir='ltr'><strong>venetiis</strong></span> <span class='ocrx_word' id='word_1_42' title='bbox 465 1459 528 1528; x_wconf 82' lang='lat' dir='ltr'><strong>per</strong></span> <span class='ocrx_word' id='word_1_43' title='bbox 538 1435 784 1504; x_wconf 89' lang='lat' dir='ltr'><strong>Bernardinum</strong></span> <span class='ocrx_word' id='word_1_44' title='bbox 798 1435 840 1505; x_wconf 88' lang='lat' dir='ltr'><strong>de</strong></span> <span class='ocrx_word' id='word_1_45' title='bbox 852 1439 1001 1520; x_wconf 86' lang='lat' dir='ltr'><strong>Tridino,</strong></span> <span class='ocrx_word' id='word_1_46' title='bbox 1016 1434 1076 1506; x_wconf 79' lang='lat' dir='ltr'><strong>iol.</strong></span> 
     </span>
    </p>

    <p class='ocr_par' dir='ltr' id='par_1_4' title="bbox 236 1547 1240 1640">
     <span class='ocr_line' id='line_1_8' title="bbox 236 1547 1240 1640; baseline 0.005 -27"><span class='ocrx_word' id='word_1_47' title='bbox 236 1547 362 1615; x_wconf 85' lang='lat' dir='ltr'><strong>Laudat</strong></span> <span class='ocrx_word' id='word_1_48' title='bbox 381 1547 468 1614; x_wconf 89' lang='lat' dir='ltr'><strong>hanc</strong></span> <span class='ocrx_word' id='word_1_49' title='bbox 488 1547 667 1616; x_wconf 70' lang='lat' dir='ltr'>editionem</span> <span class='ocrx_word' id='word_1_50' title='bbox 684 1551 815 1616; x_wconf 81' lang='lat' dir='ltr'><strong>Scabise</strong></span> <span class='ocrx_word' id='word_1_51' title='bbox 833 1574 868 1640; x_wconf 88' lang='lat' dir='ltr'><strong>p.</strong></span> <span class='ocrx_word' id='word_1_52' title='bbox 885 1551 966 1630; x_wconf 82' lang='grc'><strong>328,</strong></span> <span class='ocrx_word' id='word_1_53' title='bbox 985 1565 1018 1616; x_wconf 88' lang='lat' dir='ltr'><strong>et</strong></span> <span class='ocrx_word' id='word_1_54' title='bbox 1037 1573 1078 1636; x_wconf 84' lang='lat' dir='ltr'><strong>ex</strong></span> <span class='ocrx_word' id='word_1_55' title='bbox 1098 1574 1138 1615; x_wconf 90' lang='lat' dir='ltr'><strong>eo</strong></span> <span class='ocrx_word' id='word_1_56' title='bbox 1155 1553 1240 1618; x_wconf 84' lang='lat' dir='ltr'><strong>Pan-</strong></span> 
     </span>
    </p>
   </div>
   <div class='ocr_carea' id='block_1_2' title="bbox 193 1657 1241 1856">
    <p class='ocr_par' dir='ltr' id='par_1_5' title="bbox 193 1657 1241 1856">
     <span class='ocr_line' id='line_1_9' title="bbox 193 1657 1241 1749; baseline 0.004 -27"><span class='ocrx_word' id='word_1_57' title='bbox 193 1663 310 1739; x_wconf 79' lang='lat' dir='ltr'><strong>urlli,</strong></span> <span class='ocrx_word' id='word_1_58' title='bbox 327 1659 403 1723; x_wconf 72' lang='lat'><strong>373.</strong></span> <span class='ocrx_word' id='word_1_59' title='bbox 425 1657 483 1724; x_wconf 83' lang='lat' dir='ltr'><strong>Est</strong></span> <span class='ocrx_word' id='word_1_60' title='bbox 500 1657 588 1724; x_wconf 87' lang='lat' dir='ltr'><strong>haud</strong></span> <span class='ocrx_word' id='word_1_61' title='bbox 606 1657 707 1725; x_wconf 86' lang='lat' dir='ltr'><strong>dubie</strong></span> <span class='ocrx_word' id='word_1_62' title='bbox 718 1660 880 1747; x_wconf 83' lang='lat' dir='ltr'><strong>repetitio</strong></span> <span class='ocrx_word' id='word_1_63' title='bbox 900 1657 953 1725; x_wconf 87' lang='lat' dir='ltr'><strong>ed.</strong></span> <span class='ocrx_word' id='word_1_64' title='bbox 974 1683 1007 1724; x_wconf 87' lang='lat' dir='ltr'><strong>a.</strong></span> <span class='ocrx_word' id='word_1_65' title='bbox 1026 1661 1122 1735; x_wconf 84' lang='grc'><strong>1492,</strong></span> <span class='ocrx_word' id='word_1_66' title='bbox 1138 1683 1157 1725; x_wconf 87' lang='lat' dir='ltr'><strong>e</strong></span> <span class='ocrx_word' id='word_1_67' title='bbox 1176 1679 1241 1749; x_wconf 86' lang='lat' dir='ltr'><strong>qua</strong></span> 
     </span>
     <span class='ocr_line' id='line_1_10' title="bbox 193 1766 823 1856; baseline 0 -24"><span class='ocrx_word' id='word_1_68' title='bbox 193 1767 289 1834; x_wconf 90' lang='lat' dir='ltr'><strong>ctiam</strong></span> <span class='ocrx_word' id='word_1_69' title='bbox 300 1769 424 1833; x_wconf 84' lang='lat' dir='ltr'><strong>fluxere</strong></span> <span class='ocrx_word' id='word_1_70' title='bbox 439 1766 523 1848; x_wconf 86' lang='lat' dir='ltr'><strong>duae,</strong></span> <span class='ocrx_word' id='word_1_71' title='bbox 537 1791 609 1856; x_wconf 83' lang='lat' dir='ltr'><strong>quae</strong></span> <span class='ocrx_word' id='word_1_72' title='bbox 623 1783 823 1856; x_wconf 83' lang='lat' dir='ltr'><strong>sequuntur:</strong></span> 
     </span>
    </p>
   </div>
   <div class='ocr_carea' id='block_1_3' title="bbox 194 1889 1242 2204">
    <p class='ocr_par' dir='ltr' id='par_1_6' title="bbox 194 1889 1242 2204">
     <span class='ocr_line' id='line_1_11' title="bbox 240 1889 1242 1986; baseline 0.001 -25"><span class='ocrx_word' id='word_1_73' title='bbox 240 1939 276 1948; x_wconf 90' lang='lat'>—</span> <span class='ocrx_word' id='word_1_74' title='bbox 288 1899 452 1976; x_wconf 70' lang='lat' dir='ltr'><strong>Horatius,</strong></span> <span class='ocrx_word' id='word_1_75' title='bbox 473 1917 549 1962; x_wconf 83' lang='lat' dir='ltr'><strong>cum</strong></span> <span class='ocrx_word' id='word_1_76' title='bbox 567 1914 708 1986; x_wconf 89' lang='lat' dir='ltr'><strong>quatuor</strong></span> <span class='ocrx_word' id='word_1_77' title='bbox 726 1896 982 1977; x_wconf 87' lang='lat' dir='ltr'><strong>commentariis,</strong></span> <span class='ocrx_word' id='word_1_78' title='bbox 997 1895 1148 1975; x_wconf 76' lang='lat' dir='ltr'><strong>Acronis,</strong></span> <span class='ocrx_word' id='word_1_79' title='bbox 1160 1889 1242 1962; x_wconf 82' lang='lat' dir='ltr'><strong>Por-</strong></span> 
     </span>
     <span class='ocr_line' id='line_1_12' title="bbox 194 1990 1037 2096; baseline -0.001 -26"><span class='ocrx_word' id='word_1_80' title='bbox 194 2006 380 2096; x_wconf 76' lang='lat' dir='ltr'><strong>phyrionis,</strong></span> <span class='ocrx_word' id='word_1_81' title='bbox 392 2005 531 2072; x_wconf 86' lang='lat' dir='ltr'><strong>Landini</strong></span> <span class='ocrx_word' id='word_1_82' title='bbox 543 2023 577 2070; x_wconf 85' lang='lat' dir='ltr'><strong>ct</strong></span> <span class='ocrx_word' id='word_1_83' title='bbox 588 1990 788 2070; x_wconf 82' lang='lat' dir='ltr'><strong>Mancinelli.</strong></span> <span class='ocrx_word' id='word_1_84' title='bbox 803 2005 964 2083; x_wconf 84' lang='lat' dir='ltr'><strong>Venetiis,</strong></span> <span class='ocrx_word' id='word_1_85' title='bbox 979 2003 1037 2069; x_wconf 85' lang='lat' dir='ltr'><strong>fol.</strong></span> 
     </span>
     <span class='ocr_line' id='line_1_13' title="bbox 240 2112 1237 2204; baseline 0.002 -24"><span class='ocrx_word' id='word_1_86' title='bbox 240 2121 279 2180; x_wconf 92' lang='lat' dir='ltr'><strong>ln</strong></span> <span class='ocrx_word' id='word_1_87' title='bbox 292 2116 375 2180; x_wconf 87' lang='lat' dir='ltr'><strong>fine:</strong></span> <span class='ocrx_word' id='word_1_88' title='bbox 390 2146 404 2175; x_wconf 77' lang='grc' dir='ltr'>ι</span> <span class='ocrx_word' id='word_1_89' title='bbox 420 2119 485 2201; x_wconf 90' lang='lat' dir='ltr'><strong>Qu.</strong></span> <span class='ocrx_word' id='word_1_90' title='bbox 501 2115 628 2180; x_wconf 81' lang='lat' dir='ltr'>Horatii</span> <span class='ocrx_word' id='word_1_91' title='bbox 645 2113 755 2179; x_wconf 82' lang='lat' dir='ltr'><strong>Flacci</strong></span> <span class='ocrx_word' id='word_1_92' title='bbox 774 2135 887 2204; x_wconf 86' lang='lat' dir='ltr'><strong>opera.</strong></span> <span class='ocrx_word' id='word_1_93' title='bbox 904 2112 1050 2179; x_wconf 86' lang='lat' dir='ltr'><strong>Venetiis</strong></span> <span class='ocrx_word' id='word_1_94' title='bbox 1069 2113 1237 2204; x_wconf 87' lang='lat' dir='ltr'><strong>impressa.</strong></span> 
     </span>
    </p>
   </div>
   <div class='ocr_carea' id='block_1_4' title="bbox 191 2217 1241 2420">
    <p class='ocr_par' dir='ltr' id='par_1_7' title="bbox 191 2217 1241 2420">
     <span class='ocr_line' id='line_1_14' title="bbox 194 2217 1241 2303; baseline -0.001 -12"><span class='ocrx_word' id='word_1_95' title='bbox 194 2229 294 2291; x_wconf 72' lang='lat' dir='ltr'><strong>Anno</strong></span> <span class='ocrx_word' id='word_1_96' title='bbox 305 2225 413 2289; x_wconf 85' lang='lat' dir='ltr'><strong>salutis</strong></span> <span class='ocrx_word' id='word_1_97' title='bbox 427 2223 711 2303; x_wconf 63' lang='lat' dir='ltr'><strong>ttccccxcv,</strong></span> <span class='ocrx_word' id='word_1_98' title='bbox 722 2217 775 2288; x_wconf 83' lang='lat' dir='ltr'><strong>die</strong></span> <span class='ocrx_word' id='word_1_99' title='bbox 782 2226 855 2290; x_wconf 87' lang='lat' dir='ltr'><strong>XVI</strong></span> <span class='ocrx_word' id='word_1_100' title='bbox 872 2219 1064 2287; x_wconf 67' lang='lat' dir='ltr'><strong>februarii.»</strong></span> <span class='ocrx_word' id='word_1_101' title='bbox 1077 2225 1115 2288; x_wconf 90' lang='lat' dir='ltr'><strong>ln</strong></span> <span class='ocrx_word' id='word_1_102' title='bbox 1126 2223 1241 2290; x_wconf 88' lang='lat' dir='ltr'><strong>ultimo</strong></span> 
     </span>
     <span class='ocr_line' id='line_1_15' title="bbox 191 2329 1238 2420; baseline 0 -22"><span class='ocrx_word' id='word_1_103' title='bbox 191 2331 272 2398; x_wconf 82' lang='lat' dir='ltr'><strong>solio</strong></span> <span class='ocrx_word' id='word_1_104' title='bbox 291 2329 542 2420; x_wconf 88' lang='lat' dir='ltr'><strong>conspiciuntur</strong></span> <span class='ocrx_word' id='word_1_105' title='bbox 559 2331 664 2396; x_wconf 68' lang='lat' dir='ltr'><strong>literae</strong></span> <span class='ocrx_word' id='word_1_106' title='bbox 687 2333 726 2396; x_wconf 93' lang='grc' dir='ltr'><strong>Β.</strong></span> <span class='ocrx_word' id='word_1_107' title='bbox 745 2333 783 2394; x_wconf 82' lang='lat' dir='ltr'><strong>F.</strong></span> <span class='ocrx_word' id='word_1_108' title='bbox 804 2329 839 2394; x_wconf 91' lang='lat' dir='ltr'><strong>h.</strong></span> <span class='ocrx_word' id='word_1_109' title='bbox 862 2329 1059 2396; x_wconf 78' lang='lat' dir='ltr'><strong>Benedictus</strong></span> <span class='ocrx_word' id='word_1_110' title='bbox 1077 2333 1238 2398; x_wconf 85' lang='lat' dir='ltr'><strong>Fontana.</strong></span> 
     </span>
    </p>
   </div>
   <div class='ocr_carea' id='block_1_5' title="bbox 193 2439 1238 2748">
    <p class='ocr_par' dir='ltr' id='par_1_8' title="bbox 193 2439 1238 2748">
     <span class='ocr_line' id='line_1_16' title="bbox 193 2439 1238 2528; baseline 0.003 -23"><span class='ocrx_word' id='word_1_111' title='bbox 193 2440 363 2506; x_wconf 81' lang='lat' dir='ltr'><strong>Adcantur</strong></span> <span class='ocrx_word' id='word_1_112' title='bbox 379 2440 421 2506; x_wconf 89' lang='lat' dir='ltr'><strong>dc</strong></span> <span class='ocrx_word' id='word_1_113' title='bbox 441 2439 502 2506; x_wconf 82' lang='lat' dir='ltr'><strong>ista</strong></span> <span class='ocrx_word' id='word_1_114' title='bbox 516 2441 622 2504; x_wconf 77' lang='lat' dir='ltr'><strong>Maia.</strong></span> <span class='ocrx_word' id='word_1_115' title='bbox 637 2463 671 2528; x_wconf 90' lang='lat' dir='ltr'><strong>p.</strong></span> <span class='ocrx_word' id='word_1_116' title='bbox 688 2441 749 2506; x_wconf 85' lang='lat'><strong>595</strong></span> <span class='ocrx_word' id='word_1_117' title='bbox 762 2466 770 2517; x_wconf 89' lang='lat'><strong>;</strong></span> <span class='ocrx_word' id='word_1_118' title='bbox 785 2439 954 2504; x_wconf 74' lang='lat' dir='ltr'><strong>Mitearelli</strong></span> <span class='ocrx_word' id='word_1_119' title='bbox 969 2464 1003 2527; x_wconf 91' lang='lat' dir='ltr'><strong>p.</strong></span> <span class='ocrx_word' id='word_1_120' title='bbox 1019 2439 1095 2520; x_wconf 82' lang='lat'>102,</span> <span class='ocrx_word' id='word_1_121' title='bbox 1108 2443 1238 2508; x_wconf 74' lang='lat' dir='ltr'><strong>eth&#39;bl.</strong></span> 
     </span>
     <span class='ocr_line' id='line_1_17' title="bbox 193 2547 1238 2640; baseline 0.005 -27"><span class='ocrx_word' id='word_1_122' title='bbox 193 2547 286 2614; x_wconf 78' lang='lat' dir='ltr'><strong>cha</strong></span> <span class='ocrx_word' id='word_1_123' title='bbox 299 2555 335 2616; x_wconf 93' lang='lat' dir='ltr'><em>V</em></span> <span class='ocrx_word' id='word_1_124' title='bbox 331 2550 438 2614; x_wconf 73' lang='lat' dir='ltr'><strong>allic&#39;rc</strong></span> <span class='ocrx_word' id='word_1_125' title='bbox 448 2573 483 2636; x_wconf 92' lang='lat' dir='ltr'><strong>p.</strong></span> <span class='ocrx_word' id='word_1_126' title='bbox 496 2551 539 2628; x_wconf 82' lang='lat'><strong>11,</strong></span> <span class='ocrx_word' id='word_1_127' title='bbox 552 2547 619 2615; x_wconf 79' lang='lat' dir='ltr'><strong>vol.</strong></span> <span class='ocrx_word' id='word_1_128' title='bbox 635 2551 692 2630; x_wconf 85' lang='lat' dir='ltr'><strong>IV,</strong></span> <span class='ocrx_word' id='word_1_129' title='bbox 704 2573 738 2640; x_wconf 89' lang='lat' dir='ltr'><strong>p.</strong></span> <span class='ocrx_word' id='word_1_130' title='bbox 755 2549 810 2628; x_wconf 74' lang='lat'><strong>273</strong></span> <span class='ocrx_word' id='word_1_131' title='bbox 824 2551 911 2636; x_wconf 75' lang='lat' dir='ltr'><strong>Proy</strong></span> <span class='ocrx_word' id='word_1_132' title='bbox 929 2549 1032 2614; x_wconf 76' lang='lat' dir='ltr'><strong>catal.</strong></span> <span class='ocrx_word' id='word_1_133' title='bbox 1050 2547 1136 2616; x_wconf 90' lang='lat' dir='ltr'><strong>Bibl.</strong></span> <span class='ocrx_word' id='word_1_134' title='bbox 1155 2551 1238 2618; x_wconf 90' lang='lat' dir='ltr'><strong>Bud·.</strong></span> 
     </span>
     <span class='ocr_line' id='line_1_18' title="bbox 194 2661 321 2748; baseline -0.016 -22"><span class='ocrx_word' id='word_1_135' title='bbox 194 2683 227 2748; x_wconf 91' lang='lat' dir='ltr'><strong>p.</strong></span> <span class='ocrx_word' id='word_1_136' title='bbox 246 2661 321 2726; x_wconf 90' lang='grc'><strong>518.</strong></span> 
     </span>
    </p>
   </div>
   <div class='ocr_carea' id='block_1_6' title="bbox 195 2787 1243 3508">
    <p class='ocr_par' dir='ltr' id='par_1_9' title="bbox 195 2787 1240 2987">
     <span class='ocr_line' id='line_1_19' title="bbox 241 2787 1240 2876; baseline -0.001 -20"><span class='ocrx_word' id='word_1_137' title='bbox 241 2830 277 2839; x_wconf 94' lang='grc'>-</span> <span class='ocrx_word' id='word_1_138' title='bbox 295 2791 488 2868; x_wconf 49' lang='lat' dir='ltr'><strong>*Horatiae</strong></span> <span class='ocrx_word' id='word_1_139' title='bbox 507 2811 583 2854; x_wconf 87' lang='lat' dir='ltr'><strong>cum</strong></span> <span class='ocrx_word' id='word_1_140' title='bbox 602 2803 781 2856; x_wconf 87' lang='lat' dir='ltr'><strong>comment.</strong></span> <span class='ocrx_word' id='word_1_141' title='bbox 802 2787 960 2866; x_wconf 67' lang='lat' dir='ltr'><strong>neronis,</strong></span> <span class='ocrx_word' id='word_1_142' title='bbox 981 2788 1240 2876; x_wconf 76' lang='lat' dir='ltr'><strong>Porphyrionis,</strong></span> 
     </span>
     <span class='ocr_line' id='line_1_20' title="bbox 195 2894 1128 2987; baseline -0.002 -25"><span class='ocrx_word' id='word_1_143' title='bbox 195 2899 297 2964; x_wconf 81' lang='lat' dir='ltr'><strong>Land.</strong></span> <span class='ocrx_word' id='word_1_144' title='bbox 312 2899 457 2966; x_wconf 79' lang='lat' dir='ltr'><strong>Mancin.</strong></span> <span class='ocrx_word' id='word_1_145' title='bbox 472 2913 505 2964; x_wconf 89' lang='lat' dir='ltr'><strong>ct</strong></span> <span class='ocrx_word' id='word_1_146' title='bbox 515 2897 627 2986; x_wconf 81' lang='lat' dir='ltr'><strong>figuris</strong></span> <span class='ocrx_word' id='word_1_147' title='bbox 638 2921 746 2987; x_wconf 82' lang='lat' dir='ltr'><strong>nuper</strong></span> <span class='ocrx_word' id='word_1_148' title='bbox 757 2896 886 2962; x_wconf 79' lang='lat' dir='ltr'><strong>additis.</strong></span> <span class='ocrx_word' id='word_1_149' title='bbox 900 2894 1057 2978; x_wconf 71' lang='lat' dir='ltr'><strong>venetiis,</strong></span> <span class='ocrx_word' id='word_1_150' title='bbox 1070 2897 1128 2960; x_wconf 85' lang='lat' dir='ltr'><strong>fol.</strong></span> 
     </span>
    </p>

    <p class='ocr_par' dir='ltr' id='par_1_10' title="bbox 196 3002 1243 3508">
     <span class='ocr_line' id='line_1_21' title="bbox 239 3002 1242 3094; baseline 0.006 -26"><span class='ocrx_word' id='word_1_151' title='bbox 239 3009 280 3070; x_wconf 88' lang='lat' dir='ltr'><strong>ln</strong></span> <span class='ocrx_word' id='word_1_152' title='bbox 295 3007 378 3070; x_wconf 67' lang='lat' dir='ltr'><strong>finer</strong></span> <span class='ocrx_word' id='word_1_153' title='bbox 392 3033 407 3064; x_wconf 76' lang='grc' dir='ltr'><strong>α</strong></span> <span class='ocrx_word' id='word_1_154' title='bbox 419 3007 547 3070; x_wconf 82' lang='lat' dir='ltr'><strong>Horatii</strong></span> <span class='ocrx_word' id='word_1_155' title='bbox 558 3007 669 3072; x_wconf 79' lang='lat' dir='ltr'><strong>Flacci</strong></span> <span class='ocrx_word' id='word_1_156' title='bbox 680 3002 788 3094; x_wconf 69' lang='lat' dir='ltr'><strong>poetae</strong></span> <span class='ocrx_word' id='word_1_157' title='bbox 801 3027 916 3094; x_wconf 85' lang='lat' dir='ltr'><strong>opera,</strong></span> <span class='ocrx_word' id='word_1_158' title='bbox 926 3003 1071 3070; x_wconf 82' lang='lat' dir='ltr'><strong>Venetiis</strong></span> <span class='ocrx_word' id='word_1_159' title='bbox 1084 3003 1242 3092; x_wconf 78' lang='lat' dir='ltr'><strong>impressa</strong></span> 
     </span>
     <span class='ocr_line' id='line_1_22' title="bbox 197 3105 1243 3200; baseline 0.01 -27"><span class='ocrx_word' id='word_1_160' title='bbox 197 3131 258 3198; x_wconf 89' lang='lat' dir='ltr'><strong>per</strong></span> <span class='ocrx_word' id='word_1_161' title='bbox 269 3105 449 3178; x_wconf 85' lang='lat' dir='ltr'><strong>Dominum</strong></span> <span class='ocrx_word' id='word_1_162' title='bbox 466 3112 614 3200; x_wconf 87' lang='lat' dir='ltr'><strong>pincium</strong></span> <span class='ocrx_word' id='word_1_163' title='bbox 630 3117 843 3178; x_wconf 82' lang='lat' dir='ltr'><strong>Mantuanum</strong></span> <span class='ocrx_word' id='word_1_164' title='bbox 857 3133 945 3176; x_wconf 82' lang='lat' dir='ltr'><strong>anno</strong></span> <span class='ocrx_word' id='word_1_165' title='bbox 959 3133 978 3176; x_wconf 80' lang='lat' dir='ltr'><strong>a</strong></span> <span class='ocrx_word' id='word_1_166' title='bbox 992 3111 1160 3180; x_wconf 83' lang='lat' dir='ltr'><strong>nativitato</strong></span> <span class='ocrx_word' id='word_1_167' title='bbox 1175 3119 1243 3183; x_wconf 90' lang='lat' dir='ltr'><strong>Do·</strong></span> 
     </span>
     <span class='ocr_line' id='line_1_23' title="bbox 197 3217 1237 3310; baseline 0.009 -30"><span class='ocrx_word' id='word_1_168' title='bbox 197 3217 282 3282; x_wconf 89' lang='lat' dir='ltr'><strong>mini</strong></span> <span class='ocrx_word' id='word_1_169' title='bbox 291 3221 469 3288; x_wconf 88' lang='lat' dir='ltr'>MCCCCV</span> <span class='ocrx_word' id='word_1_170' title='bbox 481 3222 557 3309; x_wconf 84' lang='lat' dir='ltr'><strong>(pro</strong></span> <span class='ocrx_word' id='word_1_171' title='bbox 570 3222 823 3310; x_wconf 87' lang='lat' dir='ltr'>MCCCCXCV)</span> <span class='ocrx_word' id='word_1_172' title='bbox 834 3219 887 3286; x_wconf 89' lang='lat' dir='ltr'><strong>die</strong></span> <span class='ocrx_word' id='word_1_173' title='bbox 900 3221 1017 3309; x_wconf 87' lang='lat' dir='ltr'><strong>quinto</strong></span> <span class='ocrx_word' id='word_1_174' title='bbox 1029 3223 1237 3294; x_wconf 75' lang='lat' dir='ltr'><strong>Februarii.»</strong></span> 
     </span>
     <span class='ocr_line' id='line_1_24' title="bbox 197 3329 1242 3422; baseline 0.013 -30"><span class='ocrx_word' id='word_1_175' title='bbox 197 3329 358 3416; x_wconf 83' lang='lat' dir='ltr'><strong>Expressa</strong></span> <span class='ocrx_word' id='word_1_176' title='bbox 370 3331 469 3420; x_wconf 84' lang='lat' dir='ltr'><strong>plane</strong></span> <span class='ocrx_word' id='word_1_177' title='bbox 486 3355 527 3396; x_wconf 83' lang='lat' dir='ltr'><strong>ex</strong></span> <span class='ocrx_word' id='word_1_178' title='bbox 544 3331 597 3396; x_wconf 89' lang='lat' dir='ltr'><strong>ed.</strong></span> <span class='ocrx_word' id='word_1_179' title='bbox 613 3355 642 3398; x_wconf 89' lang='lat' dir='ltr'><strong>a.</strong></span> <span class='ocrx_word' id='word_1_180' title='bbox 658 3335 755 3413; x_wconf 88' lang='grc'><strong>1492,</strong></span> <span class='ocrx_word' id='word_1_181' title='bbox 769 3333 890 3398; x_wconf 80' lang='lat' dir='ltr'><strong>servati</strong></span> <span class='ocrx_word' id='word_1_182' title='bbox 908 3354 1040 3422; x_wconf 84' lang='lat' dir='ltr'><strong>quoque</strong></span> <span class='ocrx_word' id='word_1_183' title='bbox 1059 3335 1094 3402; x_wconf 90' lang='lat' dir='ltr'><strong>in</strong></span> <span class='ocrx_word' id='word_1_184' title='bbox 1110 3337 1242 3406; x_wconf 85' lang='lat' dir='ltr'><strong>dedica·</strong></span> 
     </span>
     <span class='ocr_line' id='line_1_25' title="bbox 196 3437 711 3508; baseline 0.01 -7"><span class='ocrx_word' id='word_1_185' title='bbox 196 3437 288 3503; x_wconf 87' lang='lat' dir='ltr'><strong>tione</strong></span> <span class='ocrx_word' id='word_1_186' title='bbox 300 3441 380 3506; x_wconf 87' lang='lat' dir='ltr'><strong>etin</strong></span> <span class='ocrx_word' id='word_1_187' title='bbox 391 3441 456 3508; x_wconf 89' lang='lat' dir='ltr'><strong>fine</strong></span> <span class='ocrx_word' id='word_1_188' title='bbox 469 3441 711 3507; x_wconf 85' lang='lat' dir='ltr'><strong>commentarii.</strong></span> 
     </span>
    </p>
   </div>
   <div class='ocr_carea' id='block_1_7' title="bbox 197 3587 1289 3893">
    <p class='ocr_par' dir='ltr' id='par_1_11' title="bbox 197 3587 1289 3893">
     <span class='ocr_line' id='line_1_26' title="bbox 243 3587 1238 3678; baseline 0.009 -29"><span class='ocrx_word' id='word_1_189' title='bbox 243 3587 339 3652; x_wconf 81' lang='grc'><strong>1497.</strong></span> <span class='ocrx_word' id='word_1_190' title='bbox 358 3590 399 3672; x_wconf 84' lang='lat' dir='ltr'><strong>Q.</strong></span> <span class='ocrx_word' id='word_1_191' title='bbox 413 3591 543 3654; x_wconf 83' lang='lat' dir='ltr'><strong>Horatii</strong></span> <span class='ocrx_word' id='word_1_192' title='bbox 554 3591 664 3656; x_wconf 76' lang='lat' dir='ltr'><strong>szcci</strong></span> <span class='ocrx_word' id='word_1_193' title='bbox 679 3591 796 3678; x_wconf 77' lang='lat' dir='ltr'><strong>Opera,</strong></span> <span class='ocrx_word' id='word_1_194' title='bbox 814 3609 889 3652; x_wconf 90' lang='lat' dir='ltr'><strong>cum</strong></span> <span class='ocrx_word' id='word_1_195' title='bbox 903 3601 1044 3674; x_wconf 88' lang='lat' dir='ltr'><strong>quatuor</strong></span> <span class='ocrx_word' id='word_1_196' title='bbox 1058 3609 1238 3660; x_wconf 88' lang='lat' dir='ltr'><strong>comment.</strong></span> 
     </span>
     <span class='ocr_line' id='line_1_27' title="bbox 197 3683 1289 3788; baseline 0.011 -33"><span class='ocrx_word' id='word_1_197' title='bbox 197 3695 1240 3788; x_wconf 51' lang='lat' dir='ltr'><strong>Acconis‚Porphyrionis,LandinietMancinelli.Venetiis,fola</strong></span> <span class='ocrx_word' id='word_1_198' title='bbox 1284 3683 1289 3702; x_wconf 66' lang='grc'><em>’</em></span> 
     </span>
     <span class='ocr_line' id='line_1_28' title="bbox 241 3805 876 3893; baseline 0.006 -27"><span class='ocrx_word' id='word_1_199' title='bbox 241 3805 334 3868; x_wconf 74' lang='lat' dir='ltr'><strong>Rosci</strong></span> <span class='ocrx_word' id='word_1_200' title='bbox 342 3829 377 3893; x_wconf 90' lang='lat' dir='ltr'><strong>p.</strong></span> <span class='ocrx_word' id='word_1_201' title='bbox 391 3811 446 3886; x_wconf 78' lang='grc'><strong>67,</strong></span> <span class='ocrx_word' id='word_1_202' title='bbox 459 3825 494 3873; x_wconf 84' lang='lat' dir='ltr'><strong>et</strong></span> <span class='ocrx_word' id='word_1_203' title='bbox 507 3809 585 3874; x_wconf 88' lang='lat' dir='ltr'><strong>inde</strong></span> <span class='ocrx_word' id='word_1_204' title='bbox 598 3813 719 3874; x_wconf 78' lang='lat' dir='ltr'><strong>Paazcr</strong></span> <span class='ocrx_word' id='word_1_205' title='bbox 728 3809 787 3887; x_wconf 89' lang='lat'>111,</span> <span class='ocrx_word' id='word_1_206' title='bbox 800 3809 876 3872; x_wconf 88' lang='grc'><strong>424.</strong></span> 
     </span>
    </p>
   </div>
   <div class='ocr_carea' id='block_1_8' title="bbox 246 3939 1243 4156">
    <p class='ocr_par' dir='ltr' id='par_1_12' title="bbox 246 3939 1243 4156">
     <span class='ocr_line' id='line_1_29' title="bbox 246 3939 1243 4039; baseline 0.008 -31"><span class='ocrx_word' id='word_1_207' title='bbox 246 3949 342 4013; x_wconf 90' lang='grc'><strong>1498.</strong></span> <span class='ocrx_word' id='word_1_208' title='bbox 366 3951 520 4020; x_wconf 82' lang='lat' dir='ltr'><strong>*Horatii</strong></span> <span class='ocrx_word' id='word_1_209' title='bbox 533 3954 645 4034; x_wconf 69' lang='lat' dir='ltr'><strong>Flacci</strong></span> <span class='ocrx_word' id='word_1_210' title='bbox 661 3939 805 4030; x_wconf 69' lang='lat' dir='ltr'><strong>Vannii,</strong></span> <span class='ocrx_word' id='word_1_211' title='bbox 825 3956 929 4018; x_wconf 81' lang='lat' dir='ltr'><strong>Poete</strong></span> <span class='ocrx_word' id='word_1_212' title='bbox 944 3953 1029 4016; x_wconf 89' lang='lat' dir='ltr'><strong>lirici</strong></span> <span class='ocrx_word' id='word_1_213' title='bbox 1048 3973 1149 4039; x_wconf 85' lang='lat' dir='ltr'><strong>opera</strong></span> <span class='ocrx_word' id='word_1_214' title='bbox 1170 3973 1243 4018; x_wconf 87' lang='lat' dir='ltr'><strong>cum</strong></span> 
     </span>
     <span class='ocr_line' id='line_1_30' title="bbox 275 4075 1100 4156; baseline 0.011 -46"><span class='ocrx_word' id='word_1_215' title='bbox 275 4075 332 4112; x_wconf 72' lang='lat' dir='ltr'><strong>nol.</strong></span> <span class='ocrx_word' id='word_1_216' title='bbox 349 4079 385 4114; x_wconf 84' lang='grc'><strong>111.</strong></span> <span class='ocrx_word' id='word_1_217' title='bbox 1077 4087 1100 4156; x_wconf 80' lang='grc'><strong>9</strong></span> 
     </span>
    </p>
   </div>
   <div class='ocr_carea' id='block_1_9' title="bbox 0 0 1524 4684">
    <p class='ocr_par' dir='ltr' id='par_1_13' title="bbox 0 0 1524 4684">
     <span class='ocr_line' id='line_1_31' title="bbox 0 0 1524 4684; baseline 0 0"><span class='ocrx_word' id='word_1_218' title='bbox 0 0 1524 4684; x_wconf 95' lang='lat' dir='ltr'><strong> </strong></span> 
     </span>
    </p>
   </div>
  </div>
 </body>
</html>
