2906 4694
201 320 214 425 J
285 374 332 458 64
653 365 718 434 ns
743 362 949 434 sorsin

284 517 381 580 brum
397 511 424 572 ll
441 505 555 593 Epistt.
576 518 609 569 et
619 501 723 568 libril
738 503 934 567 Sermonum
951 501 1079 589 eclogas
1097 492 1164 568 tres
1182 483 1257 568 cum
1270 503 1324 570 di-

284 619 392 688 midia.
407 638 436 679 c.

187 741 190 750 '
327 731 359 791 8.
378 722 485 788 codes
496 723 722 797 recus‚ertem
733 720 895 807 poeticam
907 721 1140 808 complectens.
1155 737 1184 787 t.

330 839 360 900 9.
378 832 483 897 Codes
496 829 578 894 alter
590 829 743 906 Plautini,
756 831 817 893 Ars
829 829 967 916 poetica.
985 851 1014 892 r.

331 942 382 1004 10.
399 937 504 1002 Codex
515 937 549 1000 V
548 936 651 998 iecore
664 934 808 1014 Giselini,
823 937 884 1000 Ars
900 935 1041 1024 poetica,
1053 937 1271 1025 Epistularum
1284 939 1324 1004 li·

283 1051 346 1115 ber
356 1051 398 1127 ll,
412 1061 445 1110 et
456 1043 653 1116 Sermonum
663 1041 748 1107 liber
759 1046 799 1108 ll.
811 1066 844 1108 v.

331 1161 382 1222 11.
395 1158 628 1240 Fragmentum
641 1151 748 1216 Caroli
760 1151 872 1231 Clasii,
886 1173 962 1240 pars
975 1153 1202 1239 Epistularum.
1218 1177 1251 1219 ι.

514 1353 731 1418 CODICES
754 1355 790 1420 L.
814 1355 1090 1420 TORRENTll.

323 1538 516 1608 Torrentius
531 1535 673 1626 insignes
688 1537 807 1602 multos
825 1537 924 1602 codd.
945 1562 1027 1626 quos
1043 1537 1191 1626 inprimis
1208 1544 1322 1608 Romae

284 1651 478 1738 collegisset,
492 1645 534 1712 ed
549 1639 786 1712 recensendum
798 1647 968 1711 Horatium
980 1645 1141 1726 adhibuit,
1155 1648 1323 1736 inquibus

282 1761 456 1826 maximum
471 1759 613 1846 pretium
629 1755 738 1822 statuit
750 1757 860 1821 Codice·
869 1759 1088 1834 Laurentium,-
1103 1758 1169 1823 vid.
1185 1757 1226 1822 ad
1239 1761 1321 1824 Car·

283 1893 361 1937 men
372 1871 430 1945 IV,
446 1871 475 1929 1.
493 1865 560 1930 Scd
572 1889 678 1954 neque
692 1863 794 1944 hunc,
807 1887 915 1956 neque
929 1881 1057 1930 ceteros
1070 1869 1248 1932 accuratius
1262 1867 1321 1934 de·

283 1976 424 2062 scriptos
433 1975 568 2060 usquam
577 1975 611 2037 in
620 1977 688 2057 ejus
698 1972 843 2038 editione
855 1974 1010 2060 reperias:
1020 1971 1106 2040 haud
1113 1954 1321 2064 dubie,quod

283 2084 353 2172 ipse
367 2105 438 2148 eam
449 2103 518 2146 non
534 2080 669 2144 curavit.

570 2273 795 2360 comens
818 2277 1031 2342 sessori.
1102 2223 1114 2230 „

330 2460 358 2520 1.
378 2455 457 2519 Cod.
472 2451 575 2532 Geloi,
586 2455 638 2517 cui
647 2453 769 2519 inserta
780 2471 857 2520 sunt
867 2459 1000 2522 Horatii
1012 2450 1128 2547 Opem,
1139 2457 1214 2523 cum
1224 2460 1321 2526 scho-

283 2563 334 2629 liis
346 2561 388 2628 ad
398 2563 579 2649 marginem
590 2561 728 2649 scriptis.

328 2675 360 2738 2.
386 2673 461 2738 Cod.
485 2671 579 2736 Galsa·
597 2686 757 2752 seucum,
783 2673 956 2740 continens
974 2678 1020 2740 H.
1045 2677 1223 2764 Epistolas,
1245 2699 1322 2742 cum

282 2778 414 2845 scholiis
428 2794 461 2844 et
473 2779 580 2866 glossa
591 2777 802 2844 interlineari.

329 2891 359 2954 3.
386 2889 461 2954 eod.
487 2889 558 2954 HS.
586 2887 711 2952 Cordule.
735 2889 863 2968 Bembt,
886 2890 1059 2956 continens
1079 2895 1125 2956 H.
1153 2915 1261 2983 opera,
1286 2897 1325 2962 in

150 2953 162 3080 i·
276 2995 368 3061 Bibl.
384 2995 469 3062 Coll.
485 2995 597 3082 Regal.
612 3009 770 3060 servatus.
779 2993 854 3060 vid.
871 2995 978 3063 Codd.
993 2999 1101 3064 Bentl.
1117 3023 1153 3065 n.
1171 3004 1221 3065 12.
1249 3041 1253 3046 -

327 3107 359 3167 1.
382 3105 457 3169 sod.
478 3105 550 3170 MS.
570 3103 656 3168 -CclL
677 3105 839 3184 Petremt's,
859 3105 911 3170 cui
930 3106 1052 3172 inserta
1069 3123 1145 3173 sunt
1159 3111 1206 3172 H.
1229 3111 1323 3192 Ode,

283 3213 390 3298 Sats'roe
404 3195 613 3301 arripiente}
625 3211 842 3280 cum'sclroliis
855 3229 889 3278 et
901 3185 1008 3300 gldssa
1018 3214 1229 3283 interlineari.

329 3322 360 3382 5.
385 3321 460 3384 Cod.
480 3324 552 3387 MS.
571 3323 654 3386 Coll.
676 3323 786 3386 Trinit.
809 3323 953 3388 Conmh.
979 3323 1035 3413 qui
1057 3325 1157 3392 habet
1171 3330 1219 3394 H.
1240 3331 1328 3419 Epi-

284 3427 390 3491 stolas.

329 3539 360 3600 6.
377 3537 606 3604 cod.Bod1.1.
621 3537 795 3608 continens
810 3542 895 3606 Odas
906 3545 953 3622 H.
967 3546 1070 3615 nitide
1079 3549 1227 3637 scriptas.

281 3669 284 3678 ’
328 3647 359 3708 l.
376 3645 552 3712 Ccd.Bcdl.
562 3651 613 3715 11.
628 3655 674 3715 H.
687 3653 772 3717 Odas
783 3651 921 3734 bahem,
933 3651 1012 3720 olim
1023 3655 1110 3723 liber
1119 3659 1175 3723 Ge.
1187 3683 1207 3723 a
1218 3661 1329 3739 Tum,

283 3755 425 3820 Profess.
440 3755 526 3821 Med.
541 3761 652 3826 Petav.

326 3865 357 3928 8.
384 3864 459 3928 Ccd.
480 3865 573 3930 Bodl.
596 3870 670 3946 ΙΙΙ,
691 3893 846 3961 papyreo.
869 3874 996 3939 contin.
1017 3875 1064 3952 H.
1087 3874 1172 3937 Odor
1193 3873 1269 3938 etl.
1292 3876 1332 3940 dc

281 3975 488 4061 Ancpoetc'ce
499 3997 528 4039 e.
546 3977 640 4056 1463,
653 3999 713 4067 per
724 3983 896 4048 solennem
907 3983 944 4046 dc
956 3983 1063 4047 Mami
1073 3982 1191 4047 finitus.
