2994 4684
273 337 341 420 tito
641 329 709 399 DE
732 327 941 399 HORlTll

269 475 370 542 finem
383 495 393 536 ε
411 497 426 530 ι
444 473 606 557 impresse
621 481 671 533 eet
682 489 814 533 rursum
829 465 899 532 haec
911 465 1090 532 nonem
1101 467 1210 556 poesis
1222 489 1317 535 eccu-

271 583 398 648 ratione
421 579 520 669 ipsius
538 577 684 644 moensii
706 579 742 644 in
764 577 970 644 nobilissimo
989 577 1245 666 Perrhysiornm
1262 603 1319 670 gy-

270 689 408 766 mnesio,
424 686 466 752 ed
479 687 639 774 Quintum
652 687 729 753 Idus
741 687 865 755 Octob.
878 688 958 753 enni
971 687 1067 774 hujus
1079 691 1199 754 MDxl.
1213 719 1227 752 ι
1242 692 1316 756 rot.

313 796 520 866 Ascensianae
531 795 685 864 sectmdae
696 798 833 866 nomine
847 797 917 864 hec
929 797 1023 866 uenit
1036 797 1158 878 editio,
1175 799 1219 866 ad
1230 800 1320 890 prio-

270 929 343 974 rem
361 906 432 974 lere
448 929 613 997 expresse.
634 909 747 975 Exstat
764 907 801 975 in
819 907 905 974 Bibl.
926 909 1050 996 Gymn.
1071 908 1207 997 Bipont.
1229 909 1317 978 nihl.
1353 991 1357 1004 1

270 1022 398 1086 Bunau.
411 1022 442 1098 l,
457 1019 534 1086 309.

282 1226 286 1232 .
320 1174 403 1255 -Q.
410 1173 544 1238 Horatii
547 1173 659 1238 icct'
662 1173 826 1250 Poemata,
840 1174 875 1240 in
886 1171 1006 1260 quibus
1017 1171 1119 1236 multe
1128 1172 1321 1262 nuperrime

272 1284 360 1374 (Md.
371 1305 438 1351 sec.
454 1307 484 1349 e.
496 1284 610 1372 1509.)
621 1299 775 1350 correcta
789 1295 878 1362 sunt,
889 1297 923 1348 ct
934 1281 1155 1348 institutiones
1164 1280 1230 1346 suis
1239 1279 1322 1347 locis

271 1391 706 1482 poeitecommenteriorum
714 1389 1323 1482 quodammodovioeltmgontur.Un·

272 1501 430 1593 deviginti
443 1517 627 1570 metrorum
642 1523 783 1590 genera,
798 1516 993 1592 etquenam
1011 1499 1094 1579 sint,
1115 1515 1148 1565 et
1166 1523 1184 1566 e
1203 1500 1323 1589 quibus

273 1629 427 1682 constent
434 1613 589 1704 pedibus,
600 1627 634 1679 et
643 1629 719 1679 ante
727 1613 886 1681 volumen
898 1612 995 1678 simul
1004 1611 1184 1692 habentur,
1195 1625 1229 1677 et
1237 1611 1325 1678 intus

272 1723 308 1790 in
327 1724 496 1790 volumine
518 1723 585 1789 suis
611 1721 704 1788 loeis.
730 1720 970 1787 Annotetiones
997 1718 1166 1784 nonnullos
1192 1719 1227 1782 in
1252 1733 1324 1784 toto

275 1823 398 1924 opere,
419 1833 456 1897 in
476 1831 595 1920 quibus
614 1831 667 1896 vel
687 1829 808 1920 aliquid
825 1829 1020 1896 mutandum
1038 1827 1236 1907 ostenditur,
1253 1829 1325 1908 vel,

274 1965 334 2007 cur
351 1957 512 2008 mutatum
529 1941 587 2022 sit,
600 1941 686 2007 ratio
697 1939 862 2008 redditur.
878 1941 941 2006 Die
953 1941 1056 2006 XXVI
1070 1938 1228 2003 Februar.
1250 1961 1277 2002 s.
1300 1937 1323 2002 l.

275 2051 443 2140 Lugduni,
458 2053 489 2115 8.

319 2161 406 2226 Bibl.
419 2161 510 2227 Huls.
522 2161 596 2249 (111,
605 2159 696 2249 tto),
709 2174 744 2224 et
753 2162 797 2226 0.
808 2161 843 2226 S.
854 2159 980 2226 Bened.
995 2159 1036 2226 ed
1045 2163 1189 2225 Emmer.
1199 2157 1324 2224 Ratish.

275 2269 393 2357 (catal.
412 2291 446 2358 p.
459 2273 516 2351 tv,
525 2293 560 2359 p.
576 2269 665 2360 301).
686 2269 806 2336 Curate
819 2285 954 2358 putatur
967 2269 1037 2335 haec
1051 2269 1215 2335 rarissima
1227 2267 1329 2334 editio

275 2401 338 2468 per
353 2377 524 2445 Simonem
541 2380 807 2468 carpentarium,
822 2380 984 2468 Lugduni,
1004 2395 1144 2470 propter
1158 2379 1331 2444 literarum

282 2490 464 2554 currentium
482 2511 559 2555 cum
572 2489 682 2554 Planti
699 2503 732 2554 et
743 2489 960 2572 Quinctiliani
973 2486 1254 2577 Carpentarianis,
1271 2487 1333 2549 Lu·

277 2596 381 2684 gdnni
395 2595 506 2692 laede,
524 2596 744 2677 editionibus,
762 2614 798 2664 et
812 2597 905 2687 quod
918 2598 1048 2686 insigne
1065 2597 1154 2664 idem
1170 2599 1207 2664 in
1223 2597 1332 2684 capite

276 2705 441 2794 praeferet,
455 2721 538 2772 teste
550 2707 682 2772 Fabric.
695 2707 781 2774 Bibl.
796 2709 853 2773 lat.
869 2713 896 2787 l,
909 2731 944 2796 p.
959 2711 1037 2773 408.
1049 2711 1187 2773 Textum
1196 2705 1334 2794 quidem

142 2829 147 2840 “
277 2815 379 2882 hahet
388 2815 559 2895 Aldinum,
571 2817 631 2884 sed
644 2819 818 2884 subindee
832 2817 941 2884 Codd.
957 2833 1159 2884 correctum.
1173 2817 1227 2884 Sic
1237 2821 1265 2896 1,
1276 2819 1333 2896 25,

278 2941 365 2992 extr.
380 2925 506 2992 editum
515 2941 583 2992 eet:
595 2928 808 2992 dedicetEuro
821 2949 885 3014 pro
896 2929 1018 2992 Hebro.
1033 2926 1224 2994 Dolendum
1234 2925 1333 3004 odeo,
1441 2930 1443 2936 ’
1489 2985 1490 2994 ,

276 3033 364 3102 hanc
377 3033 529 3102 nondum
540 3035 658 3100 critico
671 3035 822 3100 acumine
836 3057 1004 3102 excussam
1017 3058 1100 3102 esse.
1308 3115 1310 3126 1

323 3145 421 3210 Circa
436 3144 527 3210 hunc
546 3167 670 3212 annum
687 3144 843 3232 prodiere
860 3146 977 3210 Mattio.
993 3145 1149 3232 Borfimi,
1167 3145 1334 3226 Asculani,

279 3251 315 3316 in
332 3255 447 3318 Horat.
470 3255 546 3334 115,
564 3255 818 3320 Annotetiones.
840 3257 994 3342 Impress.
1011 3258 1051 3318 R.
1066 3253 1215 3346 (nome)
1232 3256 1268 3320 in
1284 3267 1338 3322 rc·⁴

283 3359 381 3445 gione
392 3361 544 3428 Parionis
556 3385 618 3452 per
631 3367 675 3428 M.
691 3363 897 3452 Stephanum
913 3363 1087 3430 Guillereti
1100 3363 1143 3428 de
1158 3364 1292 3453 Lother.
1304 3379 1339 3430 et

284 3469 462 3536 Herculem
476 3469 518 3536 de
531 3473 631 3538 Nanis
649 3471 691 3538 de
710 3473 865 3540 Bononia
882 3475 1005 3555 socios,
1022 3477 1054 3540 4.
1077 3473 1152 3541 vid.
1167 3475 1254 3540 Bibl.
1271 3475 1339 3540 Fir·

283 3575 405 3658 miana,
424 3593 448 3644 t.
464 3581 505 3660 V,
520 3603 554 3670 p.
570 3581 647 3646 221.
698 3655 705 3670 Ι

330 3730 427 3794 1512.
447 3713 616 3812 Hordeo,
633 3757 710 3799 cum
719 3749 876 3824 quattuor
887 3739 1153 3834 Commentarius
1161 3737 1237 3826 (sic)
1250 3737 1341 3805 vide·

157 3888 159 3899 .
283 3837 362 3906 licet
375 3841 535 3921 Porfirio,
554 3846 704 3926 Acrone,
723 3847 858 3928 Oratio,
877 3847 1044 3930 lendino,
1060 3848 1273 3914 Mancinello.
1300 3852 1339 3914 ln

286 3949 369 4028 linc:
385 3955 610 4042 «impressum
620 3954 796 4022 Mediolani
808 3981 869 4048 per
881 3959 1071 4044 Magistrum
1081 3957 1288 4026 ludovicum
1299 3955 1340 4022 de
