2906 4694
249 363 292 436 56
519 348 729 430 NOTITIA
753 361 1015 430 LITERAHIA

245 502 415 589 Hodegeta
427 499 632 578 Horatianus,
645 521 715 564 non
726 495 767 562 ad
783 497 916 584 paginas
929 495 1101 583 singularis
1111 499 1280 583 cujusdam

246 611 410 691 editionis,
422 610 606 694 utTreteri,
615 605 674 673 sed
683 606 725 672 ad
737 607 838 688 libros
848 621 882 672 et
890 604 1081 693 persiculos,
1089 621 1185 694 atque
1196 607 1280 674 adeo

182 798 183 806 ἵ
245 741 455 808 quascunque
465 717 591 783 Horatii
602 715 763 782 editiones
776 715 1057 782 accommodatum
1070 719 1215 784 omnium
1223 741 1282 784 vo·

245 828 438 893 cabalorum
452 827 585 892 Iudicem
603 824 745 891 exhibet.
765 829 905 890 Brunsr.
921 827 1016 903 1661,
1028 827 1060 889 6.
1079 829 1126 891 Ex
1137 841 1279 914 utroque

201 943 206 952 '
246 939 445 1026 compositus
460 937 555 1004 estin
568 933 622 1000 ed.
640 935 831 1000 Bentltiana
847 916 1280 1000 Horatiistodoeimsmmz

247 1050 399 1113 Horatius
418 1049 453 1112 in
471 1071 545 1126 usu,
563 1047 630 1111 sire
645 1041 828 1116 Horadanas
846 1043 1005 1133 phraseos
1020 1045 1156 1132 puritas,
1171 1047 1280 1134 copia,

245 1157 416 1245 elegantia,
428 1157 546 1222 Gelon.
555 1157 657 1235 1610,
672 1157 722 1219 12.
733 1151 978 1220 Andr.Crameri
985 1153 1093 1242 praxis
1103 1155 1281 1221 Horatiana

245 1265 394 1330 laudatur
408 1263 556 1329 aChrist.
575 1263 761 1329 Daumiovin
771 1263 871 1351 Epist.
886 1261 928 1327 ad
940 1263 1094 1328 Graelium
1102 1265 1280 1328 Rectorem

244 1373 362 1440 schole
371 1375 565 1461 altenburg.
579 1377 632 1438 Jo.
650 1377 743 1460 Bapt.
756 1373 895 1438 Messall
904 1373 1019 1459 Lyrica
1031 1373 1098 1437 sive
1111 1371 1193 1438 Odae
1202 1395 1279 1437 curn
1386 1413 1389 1420 ·

148 1533 152 1540 .
244 1484 442 1570 argumentis
452 1481 602 1560 odarum,
616 1497 649 1547 et
657 1479 738 1546 ideis
748 1479 943 1559 Horatianis,
953 1480 1057 1545 Duaei
1067 1481 1162 1557 1635,
1173 1482 1224 1544 12.
1237 1485 1278 1544 ln

242 1589 333 1655 locos
343 1613 533 1657 communes
543 1590 726 1668 Horatium,
734 1589 805 1654 utili
816 1611 954 1678 poeseos
966 1587 1116 1654 studiosis
1126 1589 1277 1669 consilio,

242 1695 374 1784 digessit
388 1702 456 1764 Jos.
472 1701 622 1786 langius,
635 1697 738 1784 Lugd.
754 1700 850 1776 1604,
864 1699 921 1776 12;
934 1699 981 1762 uti
992 1698 1161 1785 Virgilium
1176 1698 1274 1762 llich.

163 1827 165 1830 ’
243 1807 432 1872 Coissardus
448 1829 466 1872 e
480 1810 556 1872 Soc.
569 1812 659 1888 Jesu,
669 1809 772 1873 Paris.
788 1791 947 1887 118111.
962 1807 1279 1874 1111111111111111111ο1·11-Γ

241 1912 328 1976 tiana
339 1934 414 1976 cum
426 1913 670 1998 elegantissimis
679 1915 899 1983 iconibusmrc
907 1911 1078 2003 descriptis
1086 1916 1275 1984 ediditOtto
1324 1952 1326 1960 ι

241 2019 369 2084 Vaenius
384 2020 505 2107 pictor,
524 2021 565 2084 ab
584 2043 613 2085 a.
630 2025 713 2087 1610
728 2023 920 2111 frequenter
936 2045 1063 2102 recusa,
1082 2047 1145 2094 nec
1164 2026 1275 2091 Latine

242 2125 356 2206 modo,
375 2127 434 2193 sed
453 2128 577 2194 Gallice
596 2153 728 2217 quoque
744 2147 779 2196 et
794 2133 989 2198 Germanice
1007 2130 1106 2210 edita,
1123 2153 1187 2198 nec
1205 2155 1277 2198 non

242 2235 372 2323 Belgica
382 2251 415 2301 et
426 2237 612 2324 Hispanico,
625 2259 662 2302 ac
672 2238 815 2326 denique
826 2239 949 2318 italice,
962 2240 1141 2326 interprete
1151 2243 1222 2304 Pet.
1233 2240 1276 2306 de

177 2422 182 2432 .
241 2343 578 2431 Benedictis,Ligure.
588 2345 671 2408 Cum
680 2344 823 2410 Pindaro
831 2345 1146 2410 Horatiumcontulit
1155 2349 1272 2410 Franc.

163 2441 166 2449 ’
242 2451 423 2524 Blondcllas
442 2451 596 2536 singulari
615 2451 842 2518 dissertatione
860 2454 988 2540 vulgata
1008 2452 1151 2532 Gallice,
1169 2455 1271 2519 Paris.
1389 2537 1392 2548 1

245 2561 340 2637 1613,
363 2561 415 2640 12,
437 2575 533 2647 atque
554 2559 630 2624 inde
649 2561 782 2625 Amstel.
803 2561 967 2648 docetque
988 2561 1156 2626 Horatium
1173 2563 1277 2647 magis

242 2689 335 2732 usum
346 2665 483 2752 judicio,
500 2667 678 2732 Pindarum
696 2667 913 2735 enmusiasmo
929 2669 1063 2758 poetico¹
1078 2671 1151 2758 plus
1169 2669 1275 2735 indul-

166 2859 168 2864 .
240 2774 331 2859 sisse.
340 2775 421 2841 Vide
434 2775 542 2855 etiam,
553 2777 579 2839 si
590 2767 709 2863 placet,
718 2779 837 2864 egregii
849 2779 995 2866 poetaedc
1004 2781 1151 2845 LaMotte
1158 2779 1275 2844 disser-

241 2883 410 2964 tationem,
424 2883 541 2950 eodem
554 2883 706 2950 idiomate
719 2883 850 2962 editam,
860 2886 902 2952 de
914 2889 1043 2954 ratione
1055 2903 1089 2954 et
1100 2888 1274 2954 armabas

241 2989 399 3057 Odarum.
860 2997 865 3006 ’
1060 3043 1062 3048 .

283 3101 1272 3192 Parodr'aslloratlanasedideruntCasp.Cunradus,.lo.Otto

240 3205 398 3284 Mariana,
420 3207 537 3273 Helela.
559 3207 717 3290 Adamas,
737 3215 778 3277 H.
799 3215 1007 3296 Heibomius,
1026 3217 1141 3282 Thom.
1167 3219 1273 3304 Sagit-

238 3311 351 3391 tarius,
366 3327 400 3377 et
416 3315 591 3382 novissime
606 3318 722 3384 Joaclr.
745 3322 957 3409 Henningius.
981 3327 1006 3388 Ε
1022 3325 1188 3390 veteribus
1205 3325 1272 3391 huo

236 3433 362 3505 spectat
382 3419 490 3507 aliquo
510 3423 610 3493 modo
630 3427 774 3491 Metellus
790 3431 1013 3518 Tegerseensis
1033 3433 1211 3500 Monachus
1232 3435 1268 3499 in

237 3527 390 3604 Haueris,
410 3529 466 3616 qui
483 3531 570 3596 circa
591 3555 619 3599 a.
643 3535 681 3599 C.
705 3537 788 3600 1160
806 3541 916 3604 metris
940 3543 1122 3608 Horatianis
1143 3543 1288 3630 scripsit.

238 3635 418 3719 Quirinalia
429 3637 463 3701 in
475 3638 603 3706 laudem
613 3643 647 3708 S.
661 3644 790 3727 Quirini
799 3649 962 3736 martyris,
973 3649 1125 3738 Episcopi
1135 3653 1272 3716 tamea-

238 3745 355 3824 censis,
375 3745 461 3824 edita
479 3749 520 3812 ab
541 3755 642 3815 Henr.
664 3753 791 3820 Canisio
804 3749 953 3846 append.
972 3764 1008 3824 T.
1024 3765 1049 3838 1,
1069 3760 1145 3824 lect.
1163 3759 1270 3846 antiq.

159 3844 164 3853 ¹
236 3854 271 3915 T.
285 3853 328 3914 lli
341 3851 418 3916 edit.
433 3857 529 3920 Basn.
545 3855 667 3922 laudm
678 3859 984 3952 huncscriptorem,
1001 3891 1064 3954 pro
1077 3867 1191 3946 seculi,
1202 3889 1270 3954 quo

235 3963 326 4042 uixit,
336 3961 501 4042 barbarie,
513 3987 583 4031 non
596 3966 824 4056 inelegantem,
838 3989 872 4038 et
884 3975 972 4040 Odas
984 3977 1158 4041 nonnullas
1173 3999 1212 4040 ex
1226 3999 1269 4040 co
