<?xml version="1.0" encoding="UTF-8"?>
<!DOCTYPE html PUBLIC "-//W3C//DTD XHTML 1.0 Transitional//EN"
    "http://www.w3.org/TR/xhtml1/DTD/xhtml1-transitional.dtd">
<html xmlns="http://www.w3.org/1999/xhtml" xml:lang="en" lang="en">
 <head>
  <title>
</title>
<meta http-equiv="Content-Type" content="text/html;charset=utf-8" />
  <meta name='ocr-system' content='tesseract 3.04.00' />
  <meta name='ocr-capabilities' content='ocr_page ocr_carea ocr_par ocr_line ocrx_word'/>
</head>
<body>
  <div class='ocr_page' id='page_1' title='image "./quintushoratius00lemagoog_0219.png"; bbox 0 0 3014 4678; ppageno 0'>
   <div class='ocr_carea' id='block_1_1' title="bbox 245 329 916 440">
    <p class='ocr_par' dir='ltr' id='par_1_1' title="bbox 245 329 916 440">
     <span class='ocr_line' id='line_1_1' title="bbox 245 329 916 440; baseline -0.009 -36"><span class='ocrx_word' id='word_1_1' title='bbox 245 331 314 404; x_wconf 79' lang='lat'>206</span> <span class='ocrx_word' id='word_1_2' title='bbox 408 329 412 337; x_wconf 80' lang='grc'><strong>’</strong></span> <span class='ocrx_word' id='word_1_3' title='bbox 581 429 585 440; x_wconf 30' lang='lat'><strong>¹</strong></span> <span class='ocrx_word' id='word_1_4' title='bbox 615 331 681 396; x_wconf 88' lang='lat' dir='ltr'>DE</span> <span class='ocrx_word' id='word_1_5' title='bbox 704 329 916 400; x_wconf 85' lang='lat' dir='ltr'>HORATII</span> 
     </span>
    </p>
   </div>
   <div class='ocr_carea' id='block_1_2' title="bbox 242 465 1287 556">
    <p class='ocr_par' dir='ltr' id='par_1_2' title="bbox 242 465 1287 556">
     <span class='ocr_line' id='line_1_2' title="bbox 242 465 1287 556; baseline 0 -17"><span class='ocrx_word' id='word_1_6' title='bbox 242 471 400 544; x_wconf 81' lang='lat' dir='ltr'>Bentleii,</span> <span class='ocrx_word' id='word_1_7' title='bbox 421 467 627 553; x_wconf 81' lang='lat' dir='ltr'>Cuningamii</span> <span class='ocrx_word' id='word_1_8' title='bbox 649 483 683 531; x_wconf 88' lang='lat' dir='ltr'>et</span> <span class='ocrx_word' id='word_1_9' title='bbox 705 465 891 532; x_wconf 80' lang='lat' dir='ltr'>Sanadonis</span> <span class='ocrx_word' id='word_1_10' title='bbox 913 469 1097 536; x_wconf 79' lang='lat' dir='ltr'>emendate.</span> <span class='ocrx_word' id='word_1_11' title='bbox 1126 474 1287 556; x_wconf 86' lang='lat' dir='ltr'>Londini‚</span> 
     </span>
    </p>
   </div>
   <div class='ocr_carea' id='block_1_3' title="bbox 243 579 633 756">
    <p class='ocr_par' dir='ltr' id='par_1_3' title="bbox 243 579 633 756">
     <span class='ocr_line' id='line_1_3' title="bbox 243 579 455 658; baseline -0.019 -14"><span class='ocrx_word' id='word_1_12' title='bbox 243 586 385 658; x_wconf 82' lang='lat' dir='ltr'>Nourse,</span> <span class='ocrx_word' id='word_1_13' title='bbox 404 579 455 641; x_wconf 77' lang='lat'>12.</span> 
     </span>
     <span class='ocr_line' id='line_1_4' title="bbox 285 685 633 756; baseline -0.011 -1"><span class='ocrx_word' id='word_1_14' title='bbox 285 695 410 755; x_wconf 81' lang='lat' dir='ltr'>flecuse</span> <span class='ocrx_word' id='word_1_15' title='bbox 422 685 475 752; x_wconf 91' lang='lat' dir='ltr'>ed.</span> <span class='ocrx_word' id='word_1_16' title='bbox 491 710 520 750; x_wconf 78' lang='lat' dir='ltr'>a.</span> <span class='ocrx_word' id='word_1_17' title='bbox 538 687 633 756; x_wconf 75' lang='lat'>1733.</span> 
     </span>
    </p>
   </div>
   <div class='ocr_carea' id='block_1_4' title="bbox 241 826 1290 1118">
    <p class='ocr_par' dir='ltr' id='par_1_4' title="bbox 241 826 1290 1118">
     <span class='ocr_line' id='line_1_5' title="bbox 290 826 1290 920; baseline 0.008 -26"><span class='ocrx_word' id='word_1_18' title='bbox 290 831 384 894; x_wconf 95' lang='grc'><strong>1741.</strong></span> <span class='ocrx_word' id='word_1_19' title='bbox 404 829 444 912; x_wconf 83' lang='lat' dir='ltr'>Q.</span> <span class='ocrx_word' id='word_1_20' title='bbox 455 831 583 894; x_wconf 87' lang='lat' dir='ltr'>Horatii</span> <span class='ocrx_word' id='word_1_21' title='bbox 589 827 705 895; x_wconf 81' lang='lat' dir='ltr'>Flacci</span> <span class='ocrx_word' id='word_1_22' title='bbox 716 831 832 919; x_wconf 81' lang='lat' dir='ltr'><em>Opera,</em></span> <span class='ocrx_word' id='word_1_23' title='bbox 845 826 901 896; x_wconf 83' lang='lat' dir='ltr'>lat.</span> <span class='ocrx_word' id='word_1_24' title='bbox 917 849 950 898; x_wconf 89' lang='lat' dir='ltr'>et</span> <span class='ocrx_word' id='word_1_25' title='bbox 962 833 1103 920; x_wconf 81' lang='lat' dir='ltr'>anglice,</span> <span class='ocrx_word' id='word_1_26' title='bbox 1117 856 1192 900; x_wconf 83' lang='lat' dir='ltr'>eum</span> <span class='ocrx_word' id='word_1_27' title='bbox 1204 837 1290 902; x_wconf 91' lang='lat' dir='ltr'>notis</span> 
     </span>
     <span class='ocr_line' id='line_1_6' title="bbox 242 936 1286 1029; baseline 0.002 -23"><span class='ocrx_word' id='word_1_28' title='bbox 242 940 386 1019; x_wconf 84' lang='lat' dir='ltr'>Ducerii,</span> <span class='ocrx_word' id='word_1_29' title='bbox 396 936 562 1004; x_wconf 83' lang='lat' dir='ltr'>Sunadoni</span> <span class='ocrx_word' id='word_1_30' title='bbox 572 937 789 1026; x_wconf 81' lang='lat' dir='ltr'>aliorumque.</span> <span class='ocrx_word' id='word_1_31' title='bbox 805 939 911 1006; x_wconf 81' lang='lat' dir='ltr'>lund.</span> <span class='ocrx_word' id='word_1_32' title='bbox 924 939 1013 1029; x_wconf 81' lang='lat' dir='ltr'>apud</span> <span class='ocrx_word' id='word_1_33' title='bbox 1021 945 1091 1006; x_wconf 83' lang='lat' dir='ltr'>los.</span> <span class='ocrx_word' id='word_1_34' title='bbox 1103 943 1286 1008; x_wconf 82' lang='lat' dir='ltr'>Davidson.</span> 
     </span>
     <span class='ocr_line' id='line_1_7' title="bbox 241 1051 1190 1118; baseline 0.001 -3"><span class='ocrx_word' id='word_1_35' title='bbox 241 1057 284 1116; x_wconf 94' lang='lat' dir='ltr'>lll</span> <span class='ocrx_word' id='word_1_36' title='bbox 297 1051 377 1118; x_wconf 83' lang='lat' dir='ltr'>voll.</span> <span class='ocrx_word' id='word_1_37' title='bbox 396 1053 428 1114; x_wconf 87' lang='grc'><strong>8.</strong></span> <span class='ocrx_word' id='word_1_38' title='bbox 1185 1053 1190 1060; x_wconf 89' lang='grc'><strong>’</strong></span> 
     </span>
    </p>
   </div>
   <div class='ocr_carea' id='block_1_5' title="bbox 243 1195 1289 1386">
    <p class='ocr_par' dir='ltr' id='par_1_5' title="bbox 243 1195 1289 1386">
     <span class='ocr_line' id='line_1_8' title="bbox 289 1195 1289 1288; baseline 0.003 -26"><span class='ocrx_word' id='word_1_39' title='bbox 289 1199 384 1262; x_wconf 84' lang='grc'><strong>1743.</strong></span> <span class='ocrx_word' id='word_1_40' title='bbox 404 1199 442 1280; x_wconf 85' lang='lat' dir='ltr'>Q.</span> <span class='ocrx_word' id='word_1_41' title='bbox 455 1197 610 1260; x_wconf 77' lang='lat' dir='ltr'>Horatius</span> <span class='ocrx_word' id='word_1_42' title='bbox 620 1195 769 1272; x_wconf 67' lang='lat' dir='ltr'>ictus,</span> <span class='ocrx_word' id='word_1_43' title='bbox 779 1217 855 1260; x_wconf 85' lang='lat' dir='ltr'>eum</span> <span class='ocrx_word' id='word_1_44' title='bbox 866 1197 955 1264; x_wconf 85' lang='lat' dir='ltr'>notis</span> <span class='ocrx_word' id='word_1_45' title='bbox 964 1199 1142 1266; x_wconf 80' lang='lat' dir='ltr'>veriorum.</span> <span class='ocrx_word' id='word_1_46' title='bbox 1154 1199 1289 1288; x_wconf 76' lang='lat' dir='ltr'>Angliee</span> 
     </span>
     <span class='ocr_line' id='line_1_9' title="bbox 243 1305 831 1386; baseline -0.012 -9"><span class='ocrx_word' id='word_1_47' title='bbox 243 1309 344 1377; x_wconf 79' lang='lat' dir='ltr'>vertit</span> <span class='ocrx_word' id='word_1_48' title='bbox 356 1307 442 1374; x_wconf 88' lang='lat' dir='ltr'>Phil.</span> <span class='ocrx_word' id='word_1_49' title='bbox 460 1306 607 1372; x_wconf 82' lang='lat' dir='ltr'>Francis.</span> <span class='ocrx_word' id='word_1_50' title='bbox 626 1305 782 1386; x_wconf 88' lang='lat' dir='ltr'>Londiui,</span> <span class='ocrx_word' id='word_1_51' title='bbox 800 1309 831 1370; x_wconf 84' lang='lat'>8.</span> 
     </span>
    </p>
   </div>
   <div class='ocr_carea' id='block_1_6' title="bbox 244 1448 1291 1631">
    <p class='ocr_par' dir='ltr' id='par_1_6' title="bbox 244 1448 1291 1631">
     <span class='ocr_line' id='line_1_10' title="bbox 290 1448 1291 1540; baseline 0.004 -24"><span class='ocrx_word' id='word_1_52' title='bbox 290 1453 372 1535; x_wconf 79' lang='lat' dir='ltr'>-Q.</span> <span class='ocrx_word' id='word_1_53' title='bbox 384 1450 514 1516; x_wconf 82' lang='lat' dir='ltr'>Horutii</span> <span class='ocrx_word' id='word_1_54' title='bbox 518 1453 633 1515; x_wconf 75' lang='lat' dir='ltr'>Flucci</span> <span class='ocrx_word' id='word_1_55' title='bbox 639 1453 756 1540; x_wconf 84' lang='lat' dir='ltr'>Opera,</span> <span class='ocrx_word' id='word_1_56' title='bbox 769 1473 809 1515; x_wconf 80' lang='lat' dir='ltr'>ex</span> <span class='ocrx_word' id='word_1_57' title='bbox 822 1473 891 1516; x_wconf 86' lang='lat' dir='ltr'>rec.</span> <span class='ocrx_word' id='word_1_58' title='bbox 905 1455 947 1516; x_wconf 91' lang='lat' dir='ltr'>D.</span> <span class='ocrx_word' id='word_1_59' title='bbox 962 1448 1086 1518; x_wconf 78' lang='lat' dir='ltr'>Heinsii</span> <span class='ocrx_word' id='word_1_60' title='bbox 1099 1470 1132 1519; x_wconf 87' lang='lat' dir='ltr'>et</span> <span class='ocrx_word' id='word_1_61' title='bbox 1143 1457 1178 1519; x_wconf 92' lang='lat' dir='ltr'>T.</span> <span class='ocrx_word' id='word_1_62' title='bbox 1192 1453 1291 1520; x_wconf 83' lang='lat' dir='ltr'>Fabri</span> 
     </span>
     <span class='ocr_line' id='line_1_11' title="bbox 244 1561 1235 1631; baseline 0 0"><span class='ocrx_word' id='word_1_63' title='bbox 244 1589 281 1631; x_wconf 83' lang='lat' dir='ltr'>ae</span> <span class='ocrx_word' id='word_1_64' title='bbox 294 1587 384 1631; x_wconf 78' lang='lat' dir='ltr'>verr.</span> <span class='ocrx_word' id='word_1_65' title='bbox 399 1563 490 1628; x_wconf 74' lang='lat' dir='ltr'>tent</span> <span class='ocrx_word' id='word_1_66' title='bbox 505 1561 646 1627; x_wconf 82' lang='lat' dir='ltr'>Bentleii</span> <span class='ocrx_word' id='word_1_67' title='bbox 661 1575 694 1626; x_wconf 83' lang='lat' dir='ltr'>et</span> <span class='ocrx_word' id='word_1_68' title='bbox 706 1561 884 1627; x_wconf 82' lang='lat' dir='ltr'>Sanudoni.</span> <span class='ocrx_word' id='word_1_69' title='bbox 900 1566 1002 1628; x_wconf 84' lang='lat' dir='ltr'>Amst.</span> <span class='ocrx_word' id='word_1_70' title='bbox 1015 1565 1175 1630; x_wconf 82' lang='lat' dir='ltr'>wetsten.</span> <span class='ocrx_word' id='word_1_71' title='bbox 1193 1563 1235 1631; x_wconf 63' lang='lat'>8.</span> 
     </span>
    </p>
   </div>
   <div class='ocr_carea' id='block_1_7' title="bbox 290 1683 1287 1794">
    <p class='ocr_par' dir='ltr' id='par_1_7' title="bbox 290 1683 1287 1794">
     <span class='ocr_line' id='line_1_12' title="bbox 290 1683 1287 1794; baseline -0.003 -22"><span class='ocrx_word' id='word_1_72' title='bbox 290 1683 1287 1794; x_wconf 67' lang='lat' dir='ltr'>nti.(r.amastraicwpera,typtssurinuey.tonus.</span> 
     </span>
    </p>
   </div>
   <div class='ocr_carea' id='block_1_8' title="bbox 288 1843 1291 2034">
    <p class='ocr_par' dir='ltr' id='par_1_8' title="bbox 288 1843 1291 2034">
     <span class='ocr_line' id='line_1_13' title="bbox 290 1843 1002 1932; baseline 0 -24"><span class='ocrx_word' id='word_1_73' title='bbox 290 1885 326 1895; x_wconf 97' lang='lat'>-</span> <span class='ocrx_word' id='word_1_74' title='bbox 339 1847 379 1925; x_wconf 84' lang='lat' dir='ltr'>Q.</span> <span class='ocrx_word' id='word_1_75' title='bbox 392 1843 520 1908; x_wconf 83' lang='lat' dir='ltr'>Horatii</span> <span class='ocrx_word' id='word_1_76' title='bbox 530 1844 646 1907; x_wconf 81' lang='lat' dir='ltr'>Flacci</span> <span class='ocrx_word' id='word_1_77' title='bbox 660 1844 774 1932; x_wconf 79' lang='lat' dir='ltr'>Opera.</span> <span class='ocrx_word' id='word_1_78' title='bbox 791 1843 954 1931; x_wconf 77' lang='lat' dir='ltr'>Gtasguae,</span> <span class='ocrx_word' id='word_1_79' title='bbox 971 1845 1002 1910; x_wconf 88' lang='grc'><strong>8.</strong></span> 
     </span>
     <span class='ocr_line' id='line_1_14' title="bbox 288 1941 1291 2034; baseline -0.001 -16"><span class='ocrx_word' id='word_1_80' title='bbox 288 1943 397 2019; x_wconf 89' lang='lat' dir='ltr'>Editio</span> <span class='ocrx_word' id='word_1_81' title='bbox 416 1951 621 2016; x_wconf 82' lang='lat' dir='ltr'>immaculata</span> <span class='ocrx_word' id='word_1_82' title='bbox 639 1953 673 2016; x_wconf 91' lang='lat' dir='ltr'>in</span> <span class='ocrx_word' id='word_1_83' title='bbox 690 1952 799 2017; x_wconf 81' lang='lat' dir='ltr'>fronte</span> <span class='ocrx_word' id='word_1_84' title='bbox 818 1941 973 2034; x_wconf 83' lang='lat' dir='ltr'>audit‚l1.</span> <span class='ocrx_word' id='word_1_85' title='bbox 995 1977 1026 2019; x_wconf 90' lang='lat' dir='ltr'>e.</span> <span class='ocrx_word' id='word_1_86' title='bbox 1047 1954 1143 2019; x_wconf 87' lang='lat' dir='ltr'>nullis</span> <span class='ocrx_word' id='word_1_87' title='bbox 1163 1950 1291 2018; x_wconf 87' lang='lat' dir='ltr'>mendis</span> 
     </span>
    </p>
   </div>
   <div class='ocr_carea' id='block_1_9' title="bbox 246 2061 685 2156">
    <p class='ocr_par' dir='ltr' id='par_1_9' title="bbox 246 2061 685 2156">
     <span class='ocr_line' id='line_1_15' title="bbox 246 2061 685 2156; baseline -0.014 -26"><span class='ocrx_word' id='word_1_88' title='bbox 246 2062 489 2156; x_wconf 82' lang='lat' dir='ltr'>typographicis</span> <span class='ocrx_word' id='word_1_89' title='bbox 501 2061 685 2151; x_wconf 80' lang='lat' dir='ltr'>deturpata.</span> 
     </span>
    </p>
   </div>
   <div class='ocr_carea' id='block_1_10' title="bbox 247 2201 1361 2489">
    <p class='ocr_par' dir='ltr' id='par_1_10' title="bbox 247 2201 1361 2489">
     <span class='ocr_line' id='line_1_16' title="bbox 291 2201 1361 2286; baseline -0.002 -18"><span class='ocrx_word' id='word_1_90' title='bbox 291 2207 386 2269; x_wconf 88' lang='grc'><strong>1746.</strong></span> <span class='ocrx_word' id='word_1_91' title='bbox 410 2205 449 2283; x_wconf 85' lang='lat' dir='ltr'>Q.</span> <span class='ocrx_word' id='word_1_92' title='bbox 467 2201 596 2266; x_wconf 86' lang='lat' dir='ltr'>Horatii</span> <span class='ocrx_word' id='word_1_93' title='bbox 607 2201 721 2266; x_wconf 86' lang='lat' dir='ltr'>Flacci</span> <span class='ocrx_word' id='word_1_94' title='bbox 739 2201 903 2280; x_wconf 80' lang='lat' dir='ltr'>Carmina,</span> <span class='ocrx_word' id='word_1_95' title='bbox 923 2201 1025 2268; x_wconf 83' lang='lat' dir='ltr'>nitori</span> <span class='ocrx_word' id='word_1_96' title='bbox 1045 2226 1104 2268; x_wconf 91' lang='lat' dir='ltr'>suo</span> <span class='ocrx_word' id='word_1_97' title='bbox 1126 2203 1289 2286; x_wconf 83' lang='lat' dir='ltr'>restituta,</span> <span class='ocrx_word' id='word_1_98' title='bbox 1357 2239 1361 2246; x_wconf 91' lang='lat'><em>-</em></span> 
     </span>
     <span class='ocr_line' id='line_1_17' title="bbox 247 2308 1261 2400; baseline -0.006 -19"><span class='ocrx_word' id='word_1_99' title='bbox 247 2328 422 2381; x_wconf 76' lang='lat' dir='ltr'>accusante</span> <span class='ocrx_word' id='word_1_100' title='bbox 436 2309 550 2397; x_wconf 87' lang='lat' dir='ltr'>Steph.</span> <span class='ocrx_word' id='word_1_101' title='bbox 569 2308 674 2374; x_wconf 75' lang='lat' dir='ltr'>Andr.</span> <span class='ocrx_word' id='word_1_102' title='bbox 692 2309 857 2400; x_wconf 89' lang='lat' dir='ltr'>Philippe.</span> <span class='ocrx_word' id='word_1_103' title='bbox 876 2315 982 2378; x_wconf 87' lang='lat' dir='ltr'>Lutet.</span> <span class='ocrx_word' id='word_1_104' title='bbox 997 2311 1193 2390; x_wconf 88' lang='lat' dir='ltr'>Coustelier,</span> <span class='ocrx_word' id='word_1_105' title='bbox 1211 2313 1261 2376; x_wconf 83' lang='lat'>12.</span> 
     </span>
     <span class='ocr_line' id='line_1_18' title="bbox 289 2419 737 2489; baseline -0.011 0"><span class='ocrx_word' id='word_1_106' title='bbox 289 2421 396 2489; x_wconf 85' lang='lat' dir='ltr'>Nitida</span> <span class='ocrx_word' id='word_1_107' title='bbox 410 2435 443 2487; x_wconf 89' lang='lat' dir='ltr'>et</span> <span class='ocrx_word' id='word_1_108' title='bbox 456 2435 609 2484; x_wconf 78' lang='lat' dir='ltr'>carrecta</span> <span class='ocrx_word' id='word_1_109' title='bbox 623 2419 737 2484; x_wconf 89' lang='lat' dir='ltr'>editio.</span> 
     </span>
    </p>
   </div>
   <div class='ocr_carea' id='block_1_11' title="bbox 187 2569 1295 2880">
    <p class='ocr_par' dir='ltr' id='par_1_11' title="bbox 187 2569 1295 2880">
     <span class='ocr_line' id='line_1_19' title="bbox 292 2569 1289 2660; baseline 0 -24"><span class='ocrx_word' id='word_1_110' title='bbox 292 2573 387 2636; x_wconf 85' lang='grc'><strong>1749.</strong></span> <span class='ocrx_word' id='word_1_111' title='bbox 401 2571 440 2654; x_wconf 85' lang='lat' dir='ltr'>Q.</span> <span class='ocrx_word' id='word_1_112' title='bbox 450 2571 579 2634; x_wconf 86' lang='lat' dir='ltr'>Horatii</span> <span class='ocrx_word' id='word_1_113' title='bbox 585 2569 814 2660; x_wconf 76' lang='lat' dir='ltr'>FlacciOpera.</span> <span class='ocrx_word' id='word_1_114' title='bbox 828 2571 934 2638; x_wconf 90' lang='lat' dir='ltr'>Lond.</span> <span class='ocrx_word' id='word_1_115' title='bbox 945 2571 1032 2660; x_wconf 87' lang='lat' dir='ltr'>apud</span> <span class='ocrx_word' id='word_1_116' title='bbox 1040 2573 1128 2637; x_wconf 90' lang='lat' dir='ltr'>Guil.</span> <span class='ocrx_word' id='word_1_117' title='bbox 1140 2569 1289 2660; x_wconf 78' lang='lat' dir='ltr'>Saudby.</span> 
     </span>
     <span class='ocr_line' id='line_1_20' title="bbox 245 2681 416 2746; baseline -0.023 0"><span class='ocrx_word' id='word_1_118' title='bbox 245 2685 273 2746; x_wconf 97' lang='lat' dir='ltr'>ll</span> <span class='ocrx_word' id='word_1_119' title='bbox 309 2681 366 2746; x_wconf 89' lang='lat' dir='ltr'>oll.</span> <span class='ocrx_word' id='word_1_120' title='bbox 385 2681 416 2743; x_wconf 88' lang='lat'>8.</span> 
     </span>
     <span class='ocr_line' id='line_1_21' title="bbox 187 2705 1295 2880; baseline -0.002 -24"><span class='ocrx_word' id='word_1_121' title='bbox 187 2769 189 2776; x_wconf 28' lang='grc' dir='ltr'>Ι</span> <span class='ocrx_word' id='word_1_122' title='bbox 286 2705 470 2880; x_wconf 68' lang='lat' dir='ltr'>Xplendida</span> <span class='ocrx_word' id='word_1_123' title='bbox 485 2787 599 2866; x_wconf 87' lang='lat' dir='ltr'>editio,</span> <span class='ocrx_word' id='word_1_124' title='bbox 614 2791 731 2854; x_wconf 87' lang='lat' dir='ltr'>XXXV</span> <span class='ocrx_word' id='word_1_125' title='bbox 746 2811 929 2854; x_wconf 89' lang='lat' dir='ltr'>monumm.</span> <span class='ocrx_word' id='word_1_126' title='bbox 948 2791 1087 2878; x_wconf 84' lang='lat' dir='ltr'>antiquis</span> <span class='ocrx_word' id='word_1_127' title='bbox 1102 2814 1166 2857; x_wconf 82' lang='lat' dir='ltr'>aere</span> <span class='ocrx_word' id='word_1_128' title='bbox 1183 2789 1295 2855; x_wconf 88' lang='lat' dir='ltr'>incisis</span> 
     </span>
    </p>
   </div>
   <div class='ocr_carea' id='block_1_12' title="bbox 243 2917 428 2970">
    <p class='ocr_par' dir='ltr' id='par_1_12' title="bbox 243 2917 428 2970">
     <span class='ocr_line' id='line_1_22' title="bbox 243 2917 428 2970; baseline -0.011 -2"><span class='ocrx_word' id='word_1_129' title='bbox 243 2917 413 2970; x_wconf 74' lang='lat' dir='ltr'>exornata.</span> <span class='ocrx_word' id='word_1_130' title='bbox 425 2939 428 2949; x_wconf 59' lang='lat'>³</span> 
     </span>
    </p>
   </div>
   <div class='ocr_carea' id='block_1_13' title="bbox 244 3041 1290 3222">
    <p class='ocr_par' dir='ltr' id='par_1_13' title="bbox 244 3041 1290 3222">
     <span class='ocr_line' id='line_1_23' title="bbox 292 3041 1290 3130; baseline -0.002 -22"><span class='ocrx_word' id='word_1_131' title='bbox 292 3046 387 3124; x_wconf 74' lang='grc'><strong>1750.</strong></span> <span class='ocrx_word' id='word_1_132' title='bbox 410 3043 449 3124; x_wconf 85' lang='lat' dir='ltr'>Q.</span> <span class='ocrx_word' id='word_1_133' title='bbox 463 3044 591 3108; x_wconf 84' lang='lat' dir='ltr'>Horatii</span> <span class='ocrx_word' id='word_1_134' title='bbox 602 3043 711 3107; x_wconf 83' lang='lat' dir='ltr'>Flacci</span> <span class='ocrx_word' id='word_1_135' title='bbox 723 3041 888 3118; x_wconf 70' lang='lat' dir='ltr'>Peumata,</span> <span class='ocrx_word' id='word_1_136' title='bbox 907 3041 1005 3107; x_wconf 82' lang='lat' dir='ltr'>latine</span> <span class='ocrx_word' id='word_1_137' title='bbox 1023 3061 1098 3108; x_wconf 87' lang='lat' dir='ltr'>cum</span> <span class='ocrx_word' id='word_1_138' title='bbox 1110 3064 1196 3110; x_wconf 80' lang='lat' dir='ltr'>vers.</span> <span class='ocrx_word' id='word_1_139' title='bbox 1213 3043 1290 3130; x_wconf 81' lang='lat' dir='ltr'>gall.</span> 
     </span>
     <span class='ocr_line' id='line_1_24' title="bbox 244 3152 1004 3222; baseline -0.008 0"><span class='ocrx_word' id='word_1_140' title='bbox 244 3171 279 3222; x_wconf 85' lang='lat' dir='ltr'>et</span> <span class='ocrx_word' id='word_1_141' title='bbox 293 3153 416 3222; x_wconf 89' lang='lat' dir='ltr'>notulis</span> <span class='ocrx_word' id='word_1_142' title='bbox 432 3155 507 3218; x_wconf 86' lang='lat' dir='ltr'>Car.</span> <span class='ocrx_word' id='word_1_143' title='bbox 523 3155 672 3218; x_wconf 83' lang='lat' dir='ltr'>Batteux.</span> <span class='ocrx_word' id='word_1_144' title='bbox 690 3155 718 3216; x_wconf 95' lang='lat' dir='ltr'>ll</span> <span class='ocrx_word' id='word_1_145' title='bbox 731 3153 811 3217; x_wconf 80' lang='lat' dir='ltr'>voll.</span> <span class='ocrx_word' id='word_1_146' title='bbox 829 3152 932 3218; x_wconf 80' lang='lat' dir='ltr'>Puris.</span> <span class='ocrx_word' id='word_1_147' title='bbox 953 3155 1004 3216; x_wconf 78' lang='lat' dir='ltr'>tt.</span> 
     </span>
    </p>
   </div>
   <div class='ocr_carea' id='block_1_14' title="bbox 238 3296 1294 3599">
    <p class='ocr_par' dir='ltr' id='par_1_14' title="bbox 238 3296 1294 3599">
     <span class='ocr_line' id='line_1_25' title="bbox 293 3296 1293 3386; baseline 0.004 -28"><span class='ocrx_word' id='word_1_148' title='bbox 293 3335 327 3342; x_wconf 96' lang='lat'><strong>—</strong></span> <span class='ocrx_word' id='word_1_149' title='bbox 339 3297 378 3376; x_wconf 86' lang='lat' dir='ltr'>Q.</span> <span class='ocrx_word' id='word_1_150' title='bbox 389 3297 541 3360; x_wconf 74' lang='lat' dir='ltr'>Horatius</span> <span class='ocrx_word' id='word_1_151' title='bbox 551 3297 700 3374; x_wconf 75' lang='lat' dir='ltr'>Flaccus,</span> <span class='ocrx_word' id='word_1_152' title='bbox 712 3317 787 3360; x_wconf 86' lang='lat' dir='ltr'>cum</span> <span class='ocrx_word' id='word_1_153' title='bbox 796 3319 883 3360; x_wconf 76' lang='lat' dir='ltr'>vers.</span> <span class='ocrx_word' id='word_1_154' title='bbox 896 3297 982 3382; x_wconf 83' lang='lat' dir='ltr'>angl.</span> <span class='ocrx_word' id='word_1_155' title='bbox 1000 3296 1128 3384; x_wconf 84' lang='lat' dir='ltr'>poetice</span> <span class='ocrx_word' id='word_1_156' title='bbox 1140 3297 1293 3386; x_wconf 87' lang='lat' dir='ltr'>uotisque</span> 
     </span>
     <span class='ocr_line' id='line_1_26' title="bbox 238 3403 1294 3510; baseline 0.001 -40"><span class='ocrx_word' id='word_1_157' title='bbox 238 3405 365 3510; x_wconf 52' lang='lat' dir='ltr'>⁴criticis</span> <span class='ocrx_word' id='word_1_158' title='bbox 377 3403 505 3469; x_wconf 78' lang='lat' dir='ltr'>selectis</span> <span class='ocrx_word' id='word_1_159' title='bbox 515 3419 549 3468; x_wconf 90' lang='lat' dir='ltr'>et</span> <span class='ocrx_word' id='word_1_160' title='bbox 558 3407 689 3494; x_wconf 89' lang='lat' dir='ltr'>optimis</span> <span class='ocrx_word' id='word_1_161' title='bbox 702 3406 886 3493; x_wconf 86' lang='lat' dir='ltr'>quibusque</span> <span class='ocrx_word' id='word_1_162' title='bbox 899 3405 1007 3472; x_wconf 80' lang='lat' dir='ltr'>latinis</span> <span class='ocrx_word' id='word_1_163' title='bbox 1020 3422 1053 3471; x_wconf 85' lang='lat' dir='ltr'>et</span> <span class='ocrx_word' id='word_1_164' title='bbox 1069 3407 1191 3494; x_wconf 82' lang='lat' dir='ltr'>gallicis</span> <span class='ocrx_word' id='word_1_165' title='bbox 1204 3425 1294 3472; x_wconf 85' lang='lat' dir='ltr'>com·</span> 
     </span>
     <span class='ocr_line' id='line_1_27' title="bbox 243 3511 1236 3599; baseline -0.002 -21"><span class='ocrx_word' id='word_1_166' title='bbox 243 3512 424 3590; x_wconf 66' lang='lat' dir='ltr'>menteris,</span> <span class='ocrx_word' id='word_1_167' title='bbox 435 3533 496 3599; x_wconf 85' lang='lat' dir='ltr'>per</span> <span class='ocrx_word' id='word_1_168' title='bbox 505 3511 592 3577; x_wconf 89' lang='lat' dir='ltr'>Phil.</span> <span class='ocrx_word' id='word_1_169' title='bbox 607 3513 753 3578; x_wconf 83' lang='lat' dir='ltr'>Francis.</span> <span class='ocrx_word' id='word_1_170' title='bbox 770 3513 823 3578; x_wconf 91' lang='lat' dir='ltr'>ed.</span> <span class='ocrx_word' id='word_1_171' title='bbox 839 3516 893 3578; x_wconf 78' lang='lat' dir='ltr'>tv.</span> <span class='ocrx_word' id='word_1_172' title='bbox 910 3513 1016 3579; x_wconf 88' lang='lat' dir='ltr'>Lond.</span> <span class='ocrx_word' id='word_1_173' title='bbox 1032 3517 1075 3580; x_wconf 83' lang='lat' dir='ltr'>lv</span> <span class='ocrx_word' id='word_1_174' title='bbox 1087 3513 1166 3579; x_wconf 83' lang='lat' dir='ltr'>voll.</span> <span class='ocrx_word' id='word_1_175' title='bbox 1186 3515 1236 3577; x_wconf 84' lang='lat'>12.</span> 
     </span>
    </p>
   </div>
   <div class='ocr_carea' id='block_1_15' title="bbox 246 3655 1295 3850">
    <p class='ocr_par' dir='ltr' id='par_1_15' title="bbox 246 3655 1295 3850">
     <span class='ocr_line' id='line_1_28' title="bbox 287 3655 1295 3747; baseline -0.001 -26"><span class='ocrx_word' id='word_1_176' title='bbox 287 3691 327 3704; x_wconf 77' lang='lat'><em>„</em></span> <span class='ocrx_word' id='word_1_177' title='bbox 335 3659 374 3740; x_wconf 85' lang='lat' dir='ltr'>Q.</span> <span class='ocrx_word' id='word_1_178' title='bbox 385 3657 515 3720; x_wconf 84' lang='lat' dir='ltr'>Horatii</span> <span class='ocrx_word' id='word_1_179' title='bbox 522 3657 632 3720; x_wconf 81' lang='lat' dir='ltr'>Flacci</span> <span class='ocrx_word' id='word_1_180' title='bbox 643 3659 756 3747; x_wconf 84' lang='lat' dir='ltr'>Opera.</span> <span class='ocrx_word' id='word_1_181' title='bbox 772 3657 935 3744; x_wconf 64' lang='lat' dir='ltr'>Glasgm,</span> <span class='ocrx_word' id='word_1_182' title='bbox 952 3679 1014 3746; x_wconf 88' lang='lat' dir='ltr'>per</span> <span class='ocrx_word' id='word_1_183' title='bbox 1027 3661 1067 3722; x_wconf 85' lang='lat' dir='ltr'>ll.</span> <span class='ocrx_word' id='word_1_184' title='bbox 1085 3671 1118 3722; x_wconf 88' lang='lat' dir='ltr'>et</span> <span class='ocrx_word' id='word_1_185' title='bbox 1130 3659 1168 3721; x_wconf 74' lang='lat' dir='ltr'>X.</span> <span class='ocrx_word' id='word_1_186' title='bbox 1181 3655 1295 3721; x_wconf 89' lang='lat' dir='ltr'>Foulis</span> 
     </span>
     <span class='ocr_line' id='line_1_29' title="bbox 246 3761 454 3850; baseline 0.005 -24"><span class='ocrx_word' id='word_1_187' title='bbox 246 3761 313 3848; x_wconf 79' lang='lat' dir='ltr'>(ed.</span> <span class='ocrx_word' id='word_1_188' title='bbox 329 3763 403 3850; x_wconf 94' lang='lat' dir='ltr'>lll).</span> <span class='ocrx_word' id='word_1_189' title='bbox 423 3765 454 3827; x_wconf 89' lang='lat'>8.</span> 
     </span>
    </p>
   </div>
   <div class='ocr_carea' id='block_1_16' title="bbox 164 3894 1296 3986">
    <p class='ocr_par' dir='ltr' id='par_1_16' title="bbox 164 3894 1296 3986">
     <span class='ocr_line' id='line_1_30' title="bbox 164 3894 1296 3986; baseline 0.006 -27"><span class='ocrx_word' id='word_1_190' title='bbox 164 3894 170 3917; x_wconf 71' lang='lat'>⁸</span> <span class='ocrx_word' id='word_1_191' title='bbox 291 3899 384 3961; x_wconf 76' lang='lat'>1752.</span> <span class='ocrx_word' id='word_1_192' title='bbox 412 3901 451 3980; x_wconf 84' lang='lat' dir='ltr'>Q.</span> <span class='ocrx_word' id='word_1_193' title='bbox 467 3901 595 3963; x_wconf 83' lang='lat' dir='ltr'>Horatii</span> <span class='ocrx_word' id='word_1_194' title='bbox 604 3901 713 3968; x_wconf 85' lang='lat' dir='ltr'>Flacci</span> <span class='ocrx_word' id='word_1_195' title='bbox 720 3901 853 3986; x_wconf 74' lang='lat' dir='ltr'>Eclogoe</span> <span class='ocrx_word' id='word_1_196' title='bbox 866 3941 900 3949; x_wconf 90' lang='lat'>—</span> <span class='ocrx_word' id='word_1_197' title='bbox 915 3901 1066 3978; x_wconf 81' lang='lat' dir='ltr'>Buxteri3</span> <span class='ocrx_word' id='word_1_198' title='bbox 1085 3901 1126 3966; x_wconf 87' lang='lat' dir='ltr'>ud</span> <span class='ocrx_word' id='word_1_199' title='bbox 1138 3903 1230 3985; x_wconf 83' lang='lat' dir='ltr'>cujus</span> <span class='ocrx_word' id='word_1_200' title='bbox 1243 3923 1296 3966; x_wconf 87' lang='lat' dir='ltr'>se-</span> 
     </span>
    </p>
   </div>
   <div class='ocr_carea' id='block_1_17' title="bbox 0 0 1513 4678">
    <p class='ocr_par' dir='ltr' id='par_1_17' title="bbox 0 0 1513 4678">
     <span class='ocr_line' id='line_1_31' title="bbox 0 0 1513 4678; baseline 0 0"><span class='ocrx_word' id='word_1_201' title='bbox 0 0 1513 4678; x_wconf 95' lang='lat' dir='ltr'> </span> 
     </span>
    </p>
   </div>
  </div>
 </body>
</html>
