2906 4694
183 401 187 410 ,
270 335 291 405 8
691 323 757 391 DE
781 321 897 391 VITA

270 469 339 553 ejus
352 464 432 540 fuit;
449 473 525 550 post
536 458 707 524 victoriam
720 479 803 523 vero
819 455 923 521 civilis
937 455 1028 536 belli,
1043 470 1235 524 interventu
1243 463 1315 526 Mae·
1414 497 1415 500 =

271 573 410 652 conatis,
420 569 557 636 Horatio
570 570 678 634 Coesar
689 564 834 632 indulsit.
847 563 922 630 Fuit
935 580 1043 630 autem
1056 563 1145 631 idem
1161 569 1315 654 Horatius

258 661 394 752 *statura
403 679 528 758 brevis,
543 677 665 768 lippus,
679 677 782 742 obeso
795 697 952 763 corpore,
962 674 1152 756 iracundus,
1162 675 1314 746 obscenis

271 790 433 867 moribus,
441 787 486 852 ita
495 801 532 850 ut
542 783 694 850 cubiculo
704 783 873 872 speculato
882 797 1044 863 uteretur,
1055 805 1121 870 quo
1132 806 1166 850 se
1177 807 1315 873 congre-

273 899 422 968 diuntem
432 893 572 960 videret.
590 895 690 957 Natus
698 895 743 958 Vl
756 889 805 958 Id.
817 889 980 957 Decemb.
995 893 1094 960 Cotta
1107 908 1141 956 et
1149 894 1315 981 Torquato
1416 909 1417 966 t

275 1011 371 1076 Coss.
388 997 656 1094 Septuagesimo¹
671 1001 810 1090 septimo
826 1001 926 1067 aetatis
945 1023 1033 1068 anuo
1050 1001 1165 1090 periit,
1185 1001 1316 1070 haerede
1417 1062 1418 1086 ,

274 1119 432 1203 Augusto,
447 1111 591 1201 sepultus
604 1109 639 1174 in
652 1104 815 1198 Esquiliis,
830 1112 923 1195 juxta
940 1109 1099 1174 tumulum
1119 1112 1313 1175 Maecenatis.
1417 1139 1418 1158 .

268 1227 313 1288 ln
323 1243 426 1312 opere
438 1211 497 1284 suo
508 1217 648 1298 Altanum
660 1215 803 1282 imitatus
818 1232 868 1300 est
879 1231 914 1281 et
928 1215 1155 1306 Sapphonem,
1170 1216 1205 1282 iu
1221 1217 1316 1284 satira

274 1323 461 1395 auctuum:
891 1409 893 1416 y

193 1636 237 1685 -·
337 1647 354 1756 j
381 1633 445 1758 Q.
468 1630 757 1758 nouauit
781 1627 1027 1770 autom
1047 1631 1237 1762 vim
1304 1622 1316 1668 ³

596 1813 664 1868 aaa
689 1779 808 1862 annos
834 1782 1000 1860 morsm.

638 1997 672 2042 u.
692 1998 724 2043 c.
744 1997 851 2044 vana.
871 1973 954 2070 689.

229 2203 235 2210 .
325 2105 326 2109 ἵ
427 2124 457 2178 L.
473 2120 607 2212 Aurelius
620 2087 711 2178 cotta.
728 2123 760 2176 1.
775 2123 900 2179 Manlius
914 2123 1078 2198 Torquatus
1091 2123 1167 2179 Coss.

625 2233 691 2278 ante
704 2221 736 2277 C.
751 2219 799 2278 65.
816 2223 929 2279 Horatii
946 2243 969 2280 t.

323 2376 379 2440 His
399 2377 492 2441 Coss.
513 2388 625 2438 natum
644 2395 714 2438 esse
733 2375 922 2452 Horatium,
939 2396 1010 2440 non
1025 2373 1130 2439 solum
1143 2373 1321 2472 Suetonius

280 2499 396 2550 auctor
405 2480 532 2562 est,sed
541 2481 715 2570 ipseetiam
724 2481 992 2560 Flaccus,Carm.
1002 2483 1319 2559 111,21,1;v‚13‚t.

278 2593 500 2660 Decembrem
524 2613 672 2656 mensem
694 2590 763 2678 ipse
789 2591 888 2656 etiam
910 2590 1072 2656 natalibus
1095 2589 1159 2654 suis
1183 2591 1321 2677 assignat

277 2705 380 2792 Epist.
393 2706 422 2780 Ι,
431 2703 485 2766 20.
496 2715 580 2766 extr.
591 2700 741 2787 illiusque
750 2699 882 2764 diemVl
898 2699 948 2765 ld.
959 2698 1121 2765 memorat
1132 2701 1317 2766 Suetonius.

323 2809 465 2876 Generis
480 2809 529 2874 sui
546 2809 779 2874 obscuritatem
789 2830 968 2897 numquam
982 2802 1179 2888 dissimulat,
1192 2805 1322 2896 semper

279 2919 367 2986 ultro
384 2909 505 3000 fass'us',
517 2939 552 2984 ss
570 2907 633 2982 uec
652 2915 817 3002 ingenuo,
831 2938 894 2982 nec
906 2916 997 2982 claro
1011 2931 1124 2982 natum
1137 2931 1251 3004 patre,
1263 2915 1321 2982 sed

278 2991 454 3104 libertino!
475 3025 541 3125 p'ta
562 3039 671 3110 tamen
692 3038 726 3088 et
746 3037 884 3111 pectore
898 3047 1004 3113 puro:
1029 3025 1137 3088 Serm.
1153 3029 1187 3104 1,
1207 3027 1248 3104 6,
1266 3028 1318 3090 tt.

227 3200 232 3209 ,
278 3135 458 3199 Liberum
475 3147 582 3196 autem
597 3153 645 3197 eo·
655 3146 807 3218 tempore
825 3129 915 3196 idem
934 3146 1006 3196 erat
1021 3153 1059 3195 ae
1072 3131 1210 3210 libertum
1222 3155 1322 3220 quum

272 3241 504 3329 ‘superioribus
516 3240 638 3304 saeculis
649 3240 796 3306 libertini
809 3240 1000 3306 dicerentur
1016 3241 1074 3306 filii
1086 3241 1282 3306 libertorum
1293 3265 1318 3306 s.

277 3347 564 3414 manumissorum.
574 3345 658 3412 Vide
676 3349 729 3412 vel
750 3349 887 3414 Sueton.
904 3349 1019 3415 Claud.
1042 3350 1096 3414 24.
1120 3348 1205 3413 Hinc
1220 3353 1322 3414 Hora·

277 3459 341 3524 tius
350 3479 391 3523 ex
399 3477 465 3520 suoe
475 3455 576 3519 aetads
584 3477 679 3521 more
689 3458 839 3543 mgmuut
849 3473 932 3538 erat,
942 3481 1063 3546 parma
1073 3461 1141 3544 ejus
1150 3479 1221 3524 non
1229 3459 1318 3523 item.

275 3589 308 3629 v.
331 3567 438 3630 Serm.
459 3565 487 3640 I,
509 3563 542 3640 6,
563 3563 582 3624 8
600 3576 634 3626 et
652 3564 707 3628 20.
730 3563 781 3628 Cf.
801 3564 944 3648 Massonj
961 3565 1019 3630 vit.
1036 3569 1118 3630 Hor.
1137 3586 1171 3652 p.
1194 3587 1267 3654 sqq.
1289 3578 1322 3628 et

277 3668 441 3738 Wieland.
454 3665 496 3731 ad
508 3669 617 3732 serm.
630 3673 657 3746 1,
672 3671 705 3749 6,
719 3674 751 3735 8.
765 3673 911 3758 Oportet
924 3687 1035 3737 tamen
1047 3673 1214 3751 Flaccum,
1228 3685 1320 3759 patre

271 3783 340 3865 jam
356 3777 510 3842 libertate
527 3775 669 3856 donato,
687 3794 799 3844 natum
817 3803 906 3859 esse3
924 3781 999 3847 alias
1016 3773 1105 3848 onim
1123 3805 1193 3848 non
1212 3781 1324 3846 fuisset

275 3889 447 3974 ingenuus.

314 4023 336 4086 s.
359 4033 415 4098 leg.
430 4031 652 4103 quinquagerium
