2906 4694
299 399 345 483 aa
421 493 423 498 ι
570 369 1076 472 aortrm‘mrnaama

290 533 444 604 ‘sermoni
455 537 563 604 soluto
576 551 660 626 apta.
671 539 846 604 Urbanitas
855 539 890 605 in
900 563 940 605 eo
950 542 1046 621 mira,
1055 543 1137 608 sales
1147 544 1290 627 candidi,
1301 571 1342 613 ex

298 650 412 715 abdito
427 664 526 712 erutae
538 648 720 723 sentcntiae,
733 651 865 734 argutiae
879 673 948 714 non
964 666 1097 730 coactae,
1112 675 1211 718 merae
1225 654 1342 719 Chari-

184 731 190 746 ’
211 781 217 792 “
297 779 360 841 tes,
374 761 463 826 omni
481 757 646 824 occasioni
659 773 752 846 aptae.
770 759 940 824 Summum
958 760 993 823 in
1010 759 1066 824 illo
1082 760 1155 826 viro
1173 763 1341 850 ingenium

297 871 369 949 fuit,
385 892 447 934 nec
463 866 626 932 immerito
641 869 786 951 Augusto
806 880 839 929 et
857 865 1025 930 Maecenati
1039 867 1074 930 in
1089 865 1232 946 deliciis,
1251 871 1341 953 cujus

242 950 256 976 l
297 981 431 1068 genium
441 977 605 1042 satiricum
616 997 715 1040 nemo
728 999 768 1038 ex
780 974 932 1061 antiquis,
943 998 1042 1047 nemo
1056 999 1073 1040 c
1086 977 1340 1056 recentioribus,

297 1095 363 1159 ulla
376 1092 555 1158 imitatione
573 1101 735 1152 assecutus
750 1103 808 1150 est.
824 1089 877 1150 Jo.
893 1088 1038 1160 Caselius
1050 1089 1085 1153 in
1100 1085 1172 1174 Νέῳ
1189 1113 1261 1169 suo,
1275 1095 1340 1156 Ho-

296 1201 415 1268 ratium
430 1201 503 1266 ritae
515 1198 704 1292 magistrum
716 1195 964 1277 commendans,
981 1227 995 1256 u
1005 1198 1175 1264 Affirmare
1194 1223 1264 1265 non
1280 1200 1340 1265 du·

295 1313 416 1388 bitem,
432 1311 549 1397 aliquit,
568 1307 624 1393 qui
642 1307 676 1370 in
696 1305 761 1370 hoc
781 1322 879 1394 poeta
896 1307 1034 1371 multum
1051 1331 1162 1396 operae
1175 1309 1339 1395 posuerit,

296 1443 436 1508 eumque
452 1420 496 1482 ita
511 1415 736 1506 perdidicerit,
755 1432 791 1480 ut
808 1417 877 1501 ejus
896 1439 1008 1481 versus
1026 1440 1095 1484 non
1114 1419 1148 1482 in
1167 1441 1225 1482 ore
1244 1435 1341 1485 natos
1405 1440 1407 1444 ·

297 1547 352 1597 aut
374 1527 629 1617 extemporales,
647 1541 683 1590 ut
700 1541 845 1614 putatur,
866 1549 935 1590 non
956 1525 1115 1591 memoria
1133 1541 1244 1592 teneat
1258 1528 1340 1612 (nec

264 1701 274 1723 ,
294 1664 377 1706 vcro
391 1663 461 1705 non
474 1653 562 1716 sunt,
578 1636 633 1724 qui
645 1635 709 1700 hoc
721 1635 957 1724 praestiterint),
966 1635 1023 1722 sed
1033 1635 1140 1723 probe
1153 1635 1341 1702 intellectos

294 1750 336 1816 ad
350 1772 425 1813 usus
441 1749 514 1812 vitae
531 1746 721 1810 transferat:
735 1743 822 1809 hunc
839 1768 935 1832 posse
949 1746 1049 1810 rebus
1063 1745 1128 1809 suis
1139 1767 1341 1832 suorumque

294 1874 385 1924 recte
398 1858 432 1920 in
445 1855 599 1920 omnihus
611 1853 732 1942 aliquid
743 1854 825 1919 boni
838 1855 965 1919 consilii
975 1851 1143 1918 inuenire:
1157 1877 1220 1920 nec
1230 1855 1341 1920 ntinus

293 1969 383 2033 idem
394 1965 506 2054 patriai
520 1979 609 2027 recte
621 1965 782 2042 consulat,
796 1964 977 2050 praesertim
988 1965 1014 2025 si
1026 1979 1060 2028 et
1071 1963 1111 2026 ad
1122 1961 1292 2032 historiam
1303 1989 1339 2031 sc

294 2073 462 2148 conserat,
486 2085 637 2157 spectans
664 2069 718 2147 id,
747 2069 838 2155 quod
864 2070 1068 2156 potissimtun
1095 2072 1336 2138 ostendimus.»

294 2182 445 2248 Bentleio
463 2181 498 2244 in
516 2180 603 2244 notis
620 2203 654 2266 p.
671 2181 725 2256 64,
741 2179 893 2242 Horatius
912 2177 1030 2242 dicitur
1048 2203 1179 2264 magnus
1195 2175 1337 2259 no'uator,

294 2291 435 2382 quodex
445 2289 611 2354 Graecisiu
621 2287 767 2350 latinam
776 2285 918 2372 linguam
927 2287 1013 2352 felici
1023 2287 1156 2352 audacia
1164 2289 1225 2354 alia
1235 2305 1339 2356 trans·

293 2405 378 2481 tulit,
394 2401 466 2478 alia,
479 2415 515 2463 ut
528 2397 727 2486 maleserr'att'
741 2395 949 2476 vocabulum,
969 2399 1038 2484 ipse
1055 2399 1180 2486 primus
1199 2399 1335 2466 effinxit.

295 2512 419 2578 Confer
425 2514 494 2572 Jao.
507 2507 597 2571 Frid.
610 2503 782 2590 Reimanni
791 2505 960 2570 historiam
970 2507 1206 2572 vocabulorum
1217 2510 1338 2574 Latinae

292 2619 424 2702 Linguae
441 2639 474 2703 p.
494 2616 534 2678 43
552 2635 621 2700 seq.
641 2613 728 2677 Alius
741 2613 905 2693 Horatius,
923 2614 1044 2702 dequo
1062 2614 1214 2680 Martialis
1231 2621 1334 2696 1v‚t.

294 2721 363 2790 Sed
380 2723 479 2808 longe
494 2720 604 2809 plures
622 2719 687 2784 hoc
700 2721 835 2785 nomine
848 2738 1085 2787 commemorat
1102 2727 1155 2808 Jo.
1171 2724 1338 2791 Glandor-

292 2833 364 2922 pius
375 2833 410 2897 in
424 2831 636 2918 Onomastico
649 2833 797 2894 Romano
807 2855 841 2920 p.
855 2834 917 2894 402
929 2856 998 2920 seq.
1012 2837 1062 2898 De
1077 2835 1158 2898 Titio
1170 2839 1338 2922 poetaLy-

291 2941 362 3005 rico
379 2937 602 3003 Broukhusius
621 2935 663 3001 ad
674 2936 837 3002 Tibullum
856 2963 890 3027 p.
911 2943 951 3004 92
968 2965 1037 3030 seq.
1056 2946 1106 3007 De
1122 2944 1222 3009 Coesr'o
1235 2947 1335 3010 Basso

291 3048 487 3114 Scholiastes
499 3046 604 3112 Persii
615 3045 656 3110 ad
669 3047 736 3111 Sat.
746 3051 802 3125 Vl,
819 3052 848 3112 1.

697 3242 926 3307 ΡΟΕΜΑΤΑ.

302 3427 305 3437 ·
336 3385 466 3472 Scripta
477 3387 602 3451 Horatii
614 3388 658 3452 ita
672 3405 823 3454 recenset
835 3389 987 3458 Sidonius
1001 3393 1196 3482 Apollinaris
1211 3395 1332 3462 Carmi-

293 3513 335 3556 ne
349 3495 390 3556 lX
397 3539 406 3572 ,
418 3517 450 3559 r.
468 3495 551 3558 218:

431 3623 498 3678 Non
512 3625 592 3696 quod
605 3645 657 3699 per
671 3625 791 3696 Satires,
806 3627 999 3704 Epistolarum

430 3727 660 3800 Sermonumque
673 3727 756 3796 sales,
770 3747 937 3804 novumque
948 3731 1088 3807 Epodon,

429 3825 533 3882 Libros
545 3827 683 3884 Carminis
695 3849 727 3886 ac
740 3832 881 3888 Poeticam
895 3845 986 3892 artem

401 3987 406 3992 ,
429 3923 531 3982 Phocbi
545 3927 676 3986 laudibus
689 3941 716 3986 et
726 3951 801 4008 ragae
816 3933 914 3990 Dianae

429 4025 601 4103 Conscriptis
614 4029 706 4088 voluit
719 4051 820 4092 sonare
834 4035 856 4094 F
857 4035 957 4091 laccus.
