2906 4694
234 289 301 408 ss*
420 317 425 332 '
519 268 523 289 .
606 333 905 402 nsuosarn
1000 283 1007 297 ’

622 485 864 580 Argentorati
875 509 884 548 :

266 635 318 718 ·.Q
339 632 467 700 Homtit'
487 633 595 696 Flacci
610 631 825 720 Epistolarnm
850 628 927 693 libri
953 652 1027 704 eum
1048 629 1164 718 glossa.
1191 633 1279 696 cod.

235 741 378 806 chartac.
388 739 446 806 tot.
459 741 495 805 in
504 738 587 804 bibl.
602 739 636 806 S.
651 741 694 804 0.
707 737 952 826 Hierosolymis.
968 736 1042 804 vid.
1052 741 1167 802 Witter
1174 739 1280 806 Calai.

213 847 343 914 ·Cutld.
354 849 445 914 MSS.
462 845 616 914 biblioth.
632 846 722 916 istius
733 843 869 916 Ordinis
883 868 916 935 p.
935 846 984 910 13.

428 991 468 1058 In
483 991 684 1064 Germania
692 1041 702 1074 ‚
719 1004 754 1062 et
769 986 905 1082 quidem
917 985 1090 1063 Dresia:

165 1192 169 1212 .
277 1124 405 1186 Horatii
417 1122 530 1210 Opera.
553 1119 668 1186 Codex
686 1119 831 1186 chartac.
852 1142 925 1187 sao.
940 1125 1012 1201 XV,
1030 1121 1087 1186 fol.
1110 1124 1233 1186 Nomai
1246 1121 1286 1188 in

235 1231 383 1317 margine
397 1233 555 1317 ejusVar.
574 1233 681 1295 Lectt.
700 1229 956 1300 Emendationes
971 1247 1006 1296 et
1022 1229 1285 1298 Observationes

201 1383 206 1390 ·
234 1363 334 1408 manu
345 1343 401 1407 Ga.
415 1343 566 1418 Faba'cii,
577 1340 619 1406 ad
630 1363 729 1429 quem
741 1342 820 1406 olim
834 1341 1031 1430 pertinuisse
1046 1357 1189 1434 putatur.
1201 1339 1280 1404 Vid.

234 1451 354 1518 Goataci
363 1449 571 1518 nemorabh.
586 1449 671 1514 Bibl.
688 1448 807 1515 Dresd.
823 1473 857 1538 p.
870 1454 897 1529 l,
910 1473 943 1540 p.
959 1453 1034 1515 515.

322 1611 323 1619 ’
459 1591 659 1691 Erlangoe‚
679 1593 714 1662 in
732 1590 816 1662 bibl.
833 1591 1053 1664 Academica:

277 1740 362 1808 Cud.
382 1741 527 1812 chartac.
550 1765 623 1810 saa.
640 1745 712 1810 XIV
728 1743 865 1834 (1386),
879 1746 1005 1812 Horatii
1016 1745 1176 1834 Epistola
1187 1754 1283 1808 com-

233 1851 359 1940 plexus.
371 1849 445 1919 Vid.
455 1850 587 1944 Psezffir
593 1857 704 1944 Be-ytr.
719 1853 965 1920 zurKenntniss
979 1853 1061 1920 alter
1073 1849 1201 1920 Bucher
1209 1849 1283 1918 und

233 1957 419 2024 l'landschr.
441 1962 516 2026 ll'ol.
543 1964 637 2027 1783.
659 1964 831 2048 Hirscitag
846 1961 981 2028 Besehr.
1003 1962 1064 2028 der
1082 1960 1167 2027 Bibl.
1190 1975 1214 2026 t.
1236 1962 1281 2038 ll,

259 2069 362 2134 ‚304.
934 2129 939 2138 .

231 2091 406 2240 l’Ibidem
428 2175 514 2242 Odas
534 2177 662 2242 Horatii
684 2177 719 2243 in
743 2177 959 2258 membranis,
991 2200 1068 2246 eum
1090 2177 1284 2248 diversitate

236 2283 387 2350 lectionis
408 2298 442 2352 et
460 2281 599 2352 scholiis
619 2283 654 2348 in
674 2281 822 2374 margine
844 2285 1021 2363 asservari,
1040 2285 1116 2354 satis
1134 2287 1282 2378 locuples

235 2405 413 2480 auctorest
427 2391 477 2456 Cl.
494 2389 621 2460 llarlea
642 2389 743 2458 Notis.
761 2390 882 2482 script.
900 2396 968 2459 Lat.
987 2408 1011 2456 t.
1027 2395 1068 2478 ΙΙ,
1086 2416 1119 2484 p.
1139 2395 1215 2475 370,
1226 2395 1285 2484 qui

234 2519 354 2588 pauens
369 2497 550 2584 singulares
569 2511 603 2566 et
623 2521 641 2568 a
661 2497 799 2583 vulgatis
818 2497 964 2566 diversas
985 2499 1145 2568 lectiones
1164 2499 1199 2568 in
1218 2499 1281 2569 isto

234 2603 351 2671 codiee
363 2605 595 2696 deprehendit.

508 2750 746 2842 Francofarti
762 2750 817 2820 ad
831 2755 1004 2824 Menam:

278 2885 406 2950 Horatii
426 2885 477 2952 Fi.
508 2884 726 2971 Epistularum
752 2884 917 2948 atoralium
944 2884 1002 2950 lib.
1032 2889 1056 2949 1.
1091 2883 1175 2951 cod.
1210 2885 1278 2950 MS.

151 3009 153 3014 ’
234 3015 307 3058 sec.
325 2995 396 3060 XV.
414 2990 608 3060 Uffenbacb.
628 2991 801 3058 Nonnulla
818 2995 983 3086 anonymi¹
1001 2996 1088 3060 notis
1104 2994 1281 3058 uberrimis

236 3103 402 3168 instructae
415 3120 507 3172 sunt.
519 3101 594 3168 vid.
611 3103 714 3168 Catal.
732 3101 814 3168 bibl.
830 3101 1026 3169 Ulfenbaeh.
1045 3128 1080 3191 p.
1096 3107 1138 3182 ll,
1151 3127 1186 3192 p.
1203 3105 1280 3167 220.

237 3257 432 3354 Gaybaci,
448 3263 485 3331 in
498 3265 685 3333 Franconia
700 3263 790 3358 apud
805 3235 1049 3336 Illusirissimos
1060 3263 1210 3336 Comites
1224 3259 1267 3332 de

645 3383 845 3452 Schonborn
860 3410 866 3450 :
1058 3383 1062 3393 '

178 3549 199 3564 ··
278 3519 407 3581 Horatii
412 3517 579 3606 Hpr'stola,
591 3519 678 3584 Cod.
690 3518 873 3586 membran.
885 3521 1028 3608 scriptus
1038 3539 1067 3582 s.
1082 3517 1176 3582 1332.

277 3627 405 3692 Horatii
420 3627 564 3692 Caralim
578 3643 608 3692 et
623 3631 699 3694 Oda
715 3651 790 3694 eum
804 3630 910 3717 glossa
926 3625 1098 3714 marginali
1111 3640 1145 3690 et
1156 3623 1284 3692 interli-

234 3735 338 3803 neari.
354 3735 428 3802 vid.
449 3735 500 3801 Cl.
520 3741 626 3823 Dagon
644 3739 785 3828 Bsytrag
804 3747 844 3804 zu
863 3737 1086 3803 Naehriehten
1107 3755 1176 3799 von
1194 3731 1286 3796 alten

233 3843 489 3910 Handschrilten
502 3848 602 3934 Ansp.
620 3850 713 3912 1785.
727 3850 900 3933 Hirsching
914 3865 937 3912 t.
952 3853 979 3924 l,
998 3869 1031 3935 p.
1048 3845 1124 3922 134,
1143 3858 1177 3908 et
1194 3858 1217 3908 t.
1238 3844 1283 3914 ll,

231 3979 265 4044 p.
283 3953 360 4020 333.
574 3963 575 3968 ’
