2906 4694
328 382 332 386 ’
422 420 483 488 ue
506 417 550 504 Q.
577 417 807 484 nouitio.
1088 417 1128 486 31
1202 475 1207 486 Ι

313 543 473 648 sihourus
492 599 656 648 arotarii.
677 579 761 670 Epp.
775 599 855 664 vm,
878 600 929 644 ιι.

451 730 541 794 stilus
553 744 607 794 aut
617 728 824 794 Maronianus
903 810 907 818 1

233 847 295 908 hut
308 863 376 928 quo
389 855 424 902 tu
434 837 560 900 Latium
570 835 648 902 beas
655 882 665 916 ,
679 835 809 912 liorati,

235 951 341 1016 Alcaeo
359 948 472 1036 potior
485 945 625 1032 Lyristcs
639 945 721 1033 ipso.

320 1137 411 1184 mum
426 1110 553 1180 ibidem
573 1111 627 1206 (p.
646 1109 725 1180 226.
743 1109 924 1202 Simnoud.)

149 1269 187 1329 ln
203 1265 324 1353 Lyricis
336 1265 490 1330 Flaccum
503 1278 656 1351 sequutus
667 1285 757 1328 nuuc
771 1263 937 1328 ferebatur
950 1264 985 1326 in
997 1264 1139 1328 lambico

106 1373 201 1450 citus,
212 1393 300 1436 nuuc
312 1371 347 1434 iu
360 1369 595 1436 Choriambico
608 1370 727 1456 gravis,
737 1391 827 1434 mmc
838 1370 872 1434 in
884 1367 1013 1434 Alcaico
1023 1370 1141 1434 flexuo-

107 1502 176 1559 sus,
190 1502 279 1546 nunc
294 1480 328 1544 in
342 1478 509 1567 Sapphico
520 1477 659 1542 inflatus.

164 1689 254 1734 toust
273 1667 308 1732 iu
326 1664 423 1766 Praei⁷
441 1665 604 1759 Panegyr.
623 1665 687 1736 Jul.
703 1664 779 1735 val.
798 1666 975 1758 Majorauo
994 1664 1087 1734 dicti.

174 1835 216 1896 Et
226 1833 303 1912 tibi,
315 1833 448 1912 Flacco,
462 1833 547 1896 acies
558 1833 652 1897 Bruti
665 1833 818 1920 Cassique
835 1849 971 1921 sequuto

247 1939 404 2003 Carminis
415 1955 463 2004 est
475 1954 602 2018 auctor,
615 1940 671 2026 qui
682 1939 741 2002 fuit
753 1921 787 2004 οὶ
796 1941 910 2005 veniae.

219 2181 223 2192 ,
296 2133 386 2180 iurat
403 2137 435 2180 u.
455 2136 503 2181 rx.
523 2113 607 2206 Epp.
635 2107 675 2182 13
696 2110 739 2180 ad
758 2111 968 2182 Tonantium.

247 2264 313 2330 Sed
327 2280 361 2333 tu
373 2289 434 2353 per
446 2265 578 2332 Calabri
589 2267 724 2332 tramitis
737 2289 888 2356 aggerem

167 2409 170 2414 ·
245 2375 300 2438 Vis
312 2388 348 2439 ut
359 2389 473 2438 nostra
487 2371 607 2438 dehinc
619 2375 754 2440 cursitet
769 2375 877 2440 orbita

246 2485 320 2567 Qua
330 2482 466 2556 Flaccus
476 2481 595 2569 lyricos
608 2482 818 2546 Pindaricum
832 2482 874 2546 ad
885 2483 987 2570 melos

245 2591 361 2656 Frenis
372 2591 463 2655 flexit
475 2613 576 2677 equos
588 2591 708 2678 plectri
718 2593 924 2679 potentibus,

247 2704 334 2765 Dum
344 2715 452 2766 metro
466 2700 610 2787 quatitur
621 2699 747 2765 chorda
762 2703 944 2790 Glyconio,

184 2834 186 2840 ¹
247 2811 397 2872 Necnon
410 2808 555 2888 Alcaico,
567 2808 621 2873 vel
633 2809 847 2875 Pherecratio

248 2917 370 2980 Juucto
382 2915 555 2995 Lesbiaco,
570 2917 637 2982 sive
654 2918 866 3014 hnapaestico.

342 3161 344 3170 y
367 3101 474 3166 tuum,
494 3079 606 3148 Cauu.
626 3103 679 3166 rx,
698 3103 728 3146 v.
752 3075 819 3146 523
840 3101 910 3170 sqq.
971 3145 975 3161 „
1102 3099 1104 3107 ’

253 3231 326 3294 Nou
338 3227 429 3316 quod
440 3251 502 3316 per
514 3231 653 3307 Satiraa,
666 3229 884 3317 Epistoiarum

257 3336 517 3426 sermonumque
528 3339 628 3418 sales,
641 3361 830 3425 novumque
842 3324 982 3426 Epodou

248 3417 368 3509 'Libros
380 3445 547 3526 carminis,
559 3467 597 3510 ac
608 3430 775 3510 Poeucam
787 3447 900 3510 Artem

254 3552 675 3640 Phoebilaudibusetragae
686 3554 798 3618 Dianae

254 3662 461 3750 Conscriptis
472 3663 577 3730 voluit
586 3683 703 3726 souare
718 3662 863 3725 Flaccus.

373 3821 739 3908 rnuur,Carm.xx111,
760 3817 830 3904 450
850 3843 919 3912 sqq.

257 3971 299 4032 At
309 3970 337 4032 si
351 3967 438 4034 dicat
448 3973 536 4058 Epos
547 3985 751 4056 metrumque
764 3967 923 4055 rhythmis

258 4078 386 4144 Flectat
398 4080 599 4146 commaticis
614 4093 748 4144 tonante
763 4079 911 4164 plectro,
970 4115 975 4130 ·
