2906 4694
504 319 548 405 Q.
574 299 790 388 nostru.
1125 355 1166 424 ²7

173 459 346 550 Septimius
360 455 415 544 (ll,
433 455 466 544 6)
480 476 499 517 a
514 453 744 542 Porphyrione
757 453 876 520 dicitur
886 456 982 522 luisse
995 481 1093 548 eques
1105 467 1169 528 llo-

117 591 262 646 manus,
285 564 412 630 Horatii
431 563 627 642 commilito,
649 579 683 628 et
699 565 824 651 priscus
843 587 861 630 a
878 567 1016 654 pueritia
1029 571 1168 648 amicus'3

118 699 231 764 quem
249 676 352 764 Epist.
375 677 408 752 l,
432 677 469 752 9,
483 673 615 738 Tiberio
630 674 857 753 commendat,
875 676 931 763 qui
952 699 1026 742 eum
1049 701 1077 742 a.
1106 681 1165 744 731
1192 654 1194 658 ¹

122 805 245 848 secum
259 782 294 845 in
306 781 480 846 Orientem
494 779 595 844 duxit.
604 783 755 867 ‚Augusto
772 803 846 846 eum
862 805 973 848 carum
987 801 1021 849 et
1037 786 1170 852 familia-

120 913 206 955 rem
217 889 326 966 luisse,
340 887 480 952 vidimus
494 887 528 952 in
541 887 608 951 vita
619 887 761 966 Horatii,
775 905 906 954 auctore
920 891 1089 957 Suetonio.

179 1000 350 1085 Pompeius
364 995 526 1084 Grosphus
537 995 596 1082 (11,
611 997 656 1086 l),
669 998 918 1087 quamprimum
932 1023 1065 1066 suorum
1076 1002 1169 1066 soda-

126 1108 231 1184 lium,
252 1121 400 1170 veterem
419 1104 557 1168 amicum
578 1119 675 1168 vocat
694 1105 862 1184 Horatius,
881 1106 941 1170 fuit
961 1107 1116 1184 libertus,
1135 1125 1172 1172 ut

129 1212 277 1292 videtur,
288 1211 438 1300 Pompeii
452 1211 572 1297 magni,
585 1235 705 1298 genere
720 1214 868 1289 Graecus,
881 1213 950 1300 qui,
964 1224 1044 1301 pa'oe
1058 1215 1099 1280 ad
1115 1216 1171 1279 Μὶ-

130 1345 250 1386 senum
264 1323 347 1386 facta
359 1343 388 1384 a.
405 1323 481 1398 715,
495 1323 570 1386 Sex.
585 1322 778 1408 Pompeium
789 1321 932 1409 reliquit,
944 1339 978 1388 et
989 1326 1170 1390 Octaviano

132 1428 281 1506 adhaesit,
294 1451 313 1492 a
324 1450 403 1516 quo,
417 1427 484 1492 sive
496 1431 569 1491 all.
586 1428 748 1516 Agrippa,
761 1443 865 1493 terras
879 1430 1000 1516 amplas
1011 1432 1045 1494 in
1063 1433 1172 1496 Sicilia
1315 1505 1319 1514 Ι

132 1536 188 1602 vel
201 1535 340 1622 accepit,
354 1535 407 1600 vel
423 1534 550 1621 recepit
567 1534 645 1604 olim
658 1557 833 1621 possessas.
847 1534 922 1600 Vid.
938 1535 1058 1600 Sanad.
1073 1538 1114 1600 ad
1125 1541 1170 1616 ll,
1341 1551 1352 1562 “

136 1647 188 1708 16.
203 1643 313 1730 (Apud
325 1644 444 1729 ipsum,
457 1646 496 1708 V.
511 1643 560 1732 l.)
1109 1651 1114 1668 ‘
1245 1637 1247 1642 ’

181 1757 218 1818 Τ.
241 1753 376 1836 Valgius
394 1749 509 1839 llusus,
528 1749 649 1814 nobilis
671 1765 769 1836 poeta
786 1751 916 1838 apicus,
939 1773 1036 1838 quem
1052 1752 1169 1816 Tibull.

133 1863 191 1941 tv,
203 1862 321 1937 t‚180,
329 1859 621 1946 oetemoproximum
628 1861 764 1922 Homero
773 1857 864 1923 dicit.
873 1860 923 1924 cf.
932 1859 978 1922 ibi
986 1860 1169 1925 Broukhus.

182 1971 371 2032 Postumum
381 1967 467 2030 illum
475 2014 484 2045 ,
496 1967 536 2030 ad
549 1961 646 2052 quern
658 1981 708 2031 est
723 1969 761 2032 C.
777 1972 823 2046 ll,
842 1972 899 2046 14,
912 1969 1068 2032 Ducarius
1082 1985 1174 2058 putat

135 2101 211 2146 esse
227 2075 368 2141 eundem
380 2099 452 2140 cum
466 2075 551 2140 Julio
566 2075 680 2154 Floro,
696 2076 847 2165 adquam
865 2077 937 2142 duae
956 2093 1032 2142 sunt
1049 2079 1174 2141 Horatii

134 2189 231 2278 epist.
248 2202 282 2251 et
292 2187 393 2273 elegia
404 2186 581 2274 Propertii,
595 2189 652 2266 lll,
669 2189 725 2265 12;
739 2186 798 2252 sed
809 2187 907 2252 docte
920 2187 1064 2253 ostendit
1075 2189 1174 2252 Sana-

133 2295 255 2374 donus,
275 2317 372 2382 quam
386 2315 502 2380 parum
517 2291 552 2357 id
565 2309 657 2358 recte
669 2309 838 2358 statuatur.
853 2297 928 2359 Non
942 2309 1093 2382 oportet,
1112 2295 1174 2358 nisi
1234 2331 1237 2338 ·

132 2425 328 2494 comparare
339 2403 427 2466 inter
435 2424 471 2466 se
483 2399 702 2481 characteres,
712 2417 750 2484 ut
757 2423 926 2488 agnoscas,
936 2425 1045 2488 neque
1054 2401 1174 2468 tultum

131 2513 285 2591 Florum,
301 2495 413 2598 ricque
431 2511 683 2597 Propertianum
698 2515 890 2576 Postumum
903 2531 978 2574 cum
991 2509 1169 2574 Horatiano

131 2621 275 2688 eundem
288 2643 371 2684 esse.

173 2883 255 2946 Duae
273 2877 365 2954 odae,
383 2899 453 2964 quaa
474 2875 509 2940 in
526 2873 611 2938 Cod.
627 2876 695 2938 llS.
715 2865 841 2938 Horatii
858 2869 1065 2938 bibliothece
1086 2871 1176 2933 Pala-

131 2987 207 3050 tinae
215 3033 225 3064 ‚
239 2985 274 3048 in
286 2984 462 3060 Vaticana,
476 2995 616 3067 repertae
636 2980 798 3058 feruntur,
812 2993 846 3042 et
856 3001 964 3066 nuper
976 2978 1069 3042 editae
1085 2991 1175 3054 sunt,

131 3113 202 3155 non
214 3113 298 3178 opus
311 3104 373 3168 est,
386 3087 451 3152 nisi
467 3109 522 3152 eas
533 3088 655 3172 legere,
671 3099 706 3148 ut
718 3085 855 3150 Horatio
872 3099 1090 3170 agnoscantur
1106 3103 1175 3148 esse

132 3198 378 3284 augnsssmaee
439 3292 442 3305 Ι

421 3395 548 3457 naar
573 3397 604 3470 1,
628 3395 729 3459 ons
751 3395 895 3458 xxxix.

493 3541 532 3582 AD
554 3533 666 3582 tumult
689 3539 823 3581 stonum.

309 3692 465 3757 Discolor
480 3691 638 3780 grandem
651 3706 765 3777 gravat
778 3713 840 3754 uva
853 3713 998 3765 ramum

311 3803 417 3864 Instat
429 3803 611 3864 Autumnus
627 3823 634 3861 :
648 3797 789 3884 glacialis
801 3821 887 3862 anno

311 3911 389 3972 Mox
399 3907 506 3996 hiems
517 3907 672 3970 volvente
687 3904 791 3971 aderit
803 3905 926 3993 capillis

492 4011 633 4076 Horrida
645 4013 744 4076 canis.
