2994 4684
295 347 361 428 ¹¹4
657 339 723 406 DE
747 339 951 406 HORATll

289 481 411 555 fuisset,
428 475 570 561 illudque
592 474 847 560 integumentum
866 475 907 540 ad
924 477 993 564 ipsa
1008 478 1068 542 ista
1081 492 1228 568 tempora
1244 503 1316 569 spe·

290 603 378 652 ctare
394 582 572 661 videretur,
586 598 653 646 tum
669 581 759 669 quod
775 583 926 647 Horatius
942 583 1057 648 iisdem
1075 584 1143 652 lere
1163 585 1247 673 typis
1264 610 1317 652 ex-

288 695 426 780 scriptis
437 705 534 770 esset,
544 713 626 778 quos
634 691 777 758 Catullus
789 707 822 754 et
834 691 948 779 reliqui
957 691 1129 758 haberent.
1141 697 1220 778 Quae
1233 711 1317 760 utra-

284 825 351 890 que
364 823 460 889 quam
473 801 553 868 levis
571 800 654 866 ratio
674 802 731 879 sit,
750 800 842 866 facile
862 801 911 868 rei
929 801 1110 888 intelligens
1121 805 1312 891 'perspiciet
1341 795 1347 806 ’

287 912 354 975 Nisi
370 912 479 998 utique
496 925 644 976 extremo
664 909 946 998 ittudexemptum
964 911 1152 980 destitutum
1170 928 1219 980 est
1237 914 1314 980 lolio

286 1019 370 1108 (qnae
386 1041 439 1082 res
455 1018 572 1108 passim
587 1017 734 1084 fraudem
750 1018 826 1083 fecit
837 1023 904 1085 VV.
917 1021 1018 1106 DD.),
1032 1043 1050 1085 e
1062 1021 1182 1100 verbis,
1196 1023 1313 1088 Satira-

155 1167 158 1183 ·
287 1150 360 1192 rum
379 1128 434 1194 lini
454 1127 661 1214 subscriptis:
682 1131 752 1211 «Q.
772 1129 813 1190 ll.
834 1125 883 1190 Fl.
903 1126 1097 1207 Satirarum,
1118 1151 1188 1196 non
1208 1117 1319 1196 inditi.'

285 1252 401 1322 genter
420 1251 642 1302 correctarum
663 1250 696 1299 et
716 1235 944 1322 impressarum
964 1235 1055 1313 finis,
1073 1265 1087 1294 n
1110 1235 1197 1302 haud
1217 1239 1313 1328 plane

285 1343 423 1408 absurde
436 1344 579 1430 colligas,
590 1367 630 1408 ex
640 1341 753 1408 eadem
761 1347 805 1407 A.
817 1345 936 1409 Zarotti
946 1343 1076 1410 officina
1086 1345 1182 1410 istum
1191 1347 1310 1412 librum
1397 1425 1398 1430 γ

284 1453 453 1542 prodiisse,
470 1476 570 1542 quum
586 1455 750 1518 Zarottum
766 1469 799 1517 et
814 1453 890 1517 alibi
903 1453 983 1540 (vid.
998 1454 1051 1520 vel
1067 1477 1096 1518 a.
1113 1455 1227 1545 llll),
1248 1456 1310 1519 hac

282 1563 420 1627 formula
435 1585 528 1628 usum
547 1561 616 1626 esse
635 1575 774 1626 constet.
795 1563 833 1626 ln
854 1559 1057 1648 corrigendis
1076 1576 1183 1625 autem
1202 1561 1313 1642 libris,

280 1689 361 1760 quos
372 1675 520 1736 Zarottus
530 1669 704 1758 evulgavit,
714 1671 798 1733 Patr.
804 1669 961 1742 Jrutinum
968 1669 1169 1757 Philelplrum
1178 1693 1312 1760 operam

279 1804 369 1846 suam
382 1781 570 1858 contulisse,
583 1779 658 1843 satis
670 1791 807 1843 constat.
822 1777 896 1843 Vid.
911 1777 1042 1842 Ονὶωιᾰί
1050 1781 1084 1866 pL
1102 1779 1312 1865 ton-Ejus-

282 1889 357 1954 dem
370 1887 521 1952 editionis
536 1887 719 1974 exemplum
731 1885 844 1952 itidem
856 1887 988 1962 Catulli,
1001 1901 1064 1950 etc.
1079 1887 1214 1954 editioni
1222 1889 1312 1978 prin·

281 1998 346 2086 cipi
363 2017 525 2060 annexum
545 1997 579 2066 in
598 1993 799 2061 bibliotheca
816 1993 1006 2060 Corsiniana
1023 2018 1097 2060 cum
1114 1999 1202 2060 notis
1215 2001 1307 2063 llSS.

281 2105 319 2167 h.
340 2103 492 2168 Politiani
510 2119 635 2170 exstare
659 2116 795 2166 testatur
811 2105 901 2167 [aare
921 2103 971 2190 (in
990 2105 1088 2194 Spec.
1102 2121 1232 2196 typogr.
1246 2111 1310 2170 llo·

280 2235 395 2293 manae,
411 2217 506 2278 Rom.
527 2213 620 2291 1778,
636 2212 718 2299 Blp.
739 2213 812 2289 186,
829 2211 885 2300 qui
896 2197 1078 2300 quidem'iu
1091 2213 1233 2293 Catullo,
1244 2231 1306 2279 etc.

282 2325 381 2388 [sirici
400 2327 477 2394 Han
500 2321 703 2386 characteres
724 2321 880 2408 agnoscit.
903 2326 1009 2387 Maitt.
1033 2339 1139 2387 autem
1157 2323 1210 2412 (p.
1230 2327 1310 2412 767)

277 2429 371 2515 hujus
387 2429 569 2496 Horatianae
588 2427 738 2494 editionis
754 2427 976 2494 characterem
999 2430 1041 2496 ad
1060 2455 1132 2495 eum
1151 2431 1309 2496 accedere

280 2534 335 2614 ait,
346 2558 415 2622 quo
425 2535 542 2600 Catull.
552 2534 829 2624 TibullPropert.
840 2551 873 2599 et
883 2537 976 2602 Statii
984 2537 1078 2604 Silvae
1085 2542 1199 2604 Venet.
1212 2544 1326 2626 1475,χ

278 2642 365 2731 apud
376 2646 428 2707 Jo.
444 2643 485 2708 de
499 2645 681 2710 Colonia'et
692 2651 744 2710 Jo.
758 2643 912 2710 lllanthen
925 2645 967 2710 de
981 2647 1167 2722 Gheretzen
1183 2673 1308 2718 excusae

253 2802 255 2813 .
276 2752 407 2820 luerint.
422 2751 512 2818 ldem
528 2753 607 2818 duas
621 2749 716 2838 hujus
726 2737 854 2820 ¹Horatii
870 2754 1029 2821 editiones
1045 2779 1078 2822 se
1098 2759 1215 2824 vidisse
1233 2783 1308 2848 per·

277 2860 372 2928 hibet
387 2859 469 2928 adeo
488 2861 621 2942 similes,
637 2877 684 2940 ut,
703 2861 758 2949 qui
776 2883 845 2925 non
865 2877 986 2926 attente
1004 2863 1193 2944 contulerit,
1210 2889 1306 2932 uuam

274 2969 369 3038 facile
391 2973 569 3060 putaverit;
591 2969 679 3035 etin
699 2971 802 3034 altera
823 2970 989 3058 epistolas,
1010 2971 1044 3036 in
1063 2973 1163 3037 altera
1185 2975 1304 3038 Satiras

274 3081 394 3150 librum
406 3081 571 3160 claudere,
582 3095 677 3167 atque
692 3079 777 3144 illam
790 3077 852 3144 hac
865 3079 961 3168 longe
975 3083 1209 3148 correctiorem
1222 3103 1302 3147 esse.

200 3209 202 3214 ’
323 3242 414 3304 rut.
439 3243 478 3320 Q.
493 3243 739 3304 normarum·
752 3243 865 3330 opera,
879 3261 938 3328 per
952 3243 1129 3306 Antonium
1143 3245 1307 3308 zarooum

274 3317 495 3412 raimbhom.
513 3347 704 3446 maiorm,
720 3353 746 3428 1,
759 3349 815 3416 for.

316 3473 355 3534 ln
367 3471 431 3534 line
442 3495 477 3548 a«
492 3476 588 3540 Anno
601 3497 619 3538 a
630 3473 727 3538 natali
739 3473 924 3539 Christiano
937 3477 1033 3553 llll,
1044 3475 1097 3550 die
1107 3479 1179 3538 XVI
1190 3475 1304 3550 Martii,

273 3579 350 3646 divo
364 3580 515 3649 Galeazio
529 3585 627 3652 Maria
645 3583 766 3648 Slortia
776 3585 989 3660 Vicecomite.
1006 3585 1203 3662 Insubrium,
1215 3585 1305 3669 ligur

269 3707 407 3776 rumque
422 3690 537 3776 qrtinto
548 3690 631 3758 duce
647 3693 789 3760 feliciter·
800 3710 957 3780 regnante
973 3695 1134 3766 numnius
1148 3692 1304 3763 larona

199 3775 206 3806 ⁸
267 3797 452 3870 Parmensis
468 3816 585 3868 cuncta
604 3824 705 3888 opera
718 3803 829 3887 Quinti
842 3805 966 3872 lloratii
984 3805 1096 3876 Flacci·
1108 3827 1177 3873 non
1195 3803 1302 3872 indili-

265 3919 381 3987 genter
395 3907 575 3978 emeudata.
597 3911 630 3974 S.
650 3913 828 3983 carminum
843 3913 946 3982 libros
964 3917 1036 3992 llll,
1052 3915 1204 4002 Ewdnrn
1224 3914 1301 3978 Car-
