2906 4694
277 307 320 376 26
653 310 718 374 DE
743 308 920 375 AM‘ICIS
1040 325 1044 338 ’

275 456 309 504 ct
322 439 355 502 h.
370 439 392 501 l.
411 460 448 502 ac
461 439 567 502 Serm.
582 442 614 516 1,
630 441 683 518 10,
697 442 738 502 ll
747 486 756 517 ,
773 439 926 506 Horatius
937 439 1084 524 impense
1097 435 1216 500 laudat.
1235 439 1320 502 Ser·

141 548 142 554 ’
275 549 362 612 ravit
378 570 418 611 ex
433 568 473 612 eo
490 547 672 633 fragmenta
684 548 831 616 Macrob.
852 549 913 625 Vl,
938 549 950 608 1
972 562 1005 610 et
1018 549 1056 623 2,
1074 564 1145 633 que
1164 545 1319 610 divinum

274 655 440 739 ingenium
451 654 603 742 prodant.
620 654 782 720 Laudatur
793 643 942 742 inprimis
950 635 1105 740 Thyestes
1113 699 1122 731 ‚
1136 652 1318 739 tragoedia,

276 783 372 848 quam
394 755 551 846 Quinctil.
577 767 625 840 X,
649 767 682 841 l,
707 763 841 829 cuilibet
865 765 1053 827 Graecarum
1072 775 1259 848 comparat3
1283 775 1321 824 et

184 881 186 885 “
276 869 491 962 panegyricus
505 871 540 934 in
552 871 741 956 Augustum.
914 869 919 884 '

319 981 361 1040 L.
379 978 541 1042 Munatius
560 978 711 1056 Plancus,
731 976 773 1042 ad
795 999 893 1066 quem
917 992 967 1048 est
985 977 1023 1040 C.
1048 978 1080 1052 1,
1105 977 1138 1056 7,
1157 977 1250 1058 eujus
1272 973 1322 1038 ad

255 1101 256 1108 ’
277 1084 490 1164 Ciceronem,
510 1107 547 1148 ac
565 1086 706 1150 vicissim
726 1084 821 1172 hujus
841 1086 883 1150 ad
903 1085 994 1150 illum
1010 1084 1154 1171 epistolae
1168 1098 1321 1162 exstant,

276 1207 389 1256 orator
406 1215 476 1256 non
496 1193 665 1278 ignobilis,
690 1194 776 1258 civiti
795 1193 905 1270 bello,
926 1191 1070 1258 Antonio
1094 1190 1136 1256 ad
1157 1191 1324 1256 Mutinam

275 1296 398 1386 fugato,
409 1321 481 1362 cum
494 1299 603 1366 Asinio
615 1301 766 1366 Pollione
779 1323 813 1365 se
826 1299 982 1384 adjunxit.
991 1303 1078 1362 Pace
1089 1299 1185 1376 facta,
1195 1319 1222 1360 a.
1233 1299 1274 1360 'll
1286 1303 1321 1376 Ι,

247 1451 251 1456 -
277 1426 344 1469 cos.
359 1405 430 1484 fuit,
441 1406 566 1493 collega
578 1412 620 1470 M.
629 1407 899 1495 Lepido.'Secutis
911 1407 1003 1470 bellis
1012 1407 1154 1472 Antonio
1167 1403 1322 1485 adhaesit,

276 1543 293 1582 a
305 1542 371 1608 quo
383 1517 425 1583 ad
435 1519 651 1584 Octavianum
663 1517 839 1602 transfuga,
852 1517 976 1602 magnis
987 1515 1119 1602 quidem
1130 1513 1323 1578 honoribus

275 1627 420 1704 functus,
442 1627 540 1690 etiam
559 1647 690 1702 censor,
711 1639 744 1688 et
759 1623 862 1710 (quod
878 1647 896 1688 e
913 1647 1014 1688 numo
1031 1622 1131 1688 docet
1144 1625 1324 1708 Torrent.)

274 1735 352 1798 urbi
373 1733 545 1822 praefectus
566 1735 643 1812 fuit3
667 1731 726 1800 sed
748 1755 925 1820 numquam
947 1737 1090 1819 Augusto
1105 1731 1202 1796 fidem
1220 1753 1322 1796 suam

274 1844 410 1930 probari
424 1843 595 1908 intellexit.

323 1955 442 2016 Varum
465 1951 516 2038 (l,
540 1954 600 2040 18)
620 1955 809 2018 Torrentius
831 1967 924 2040 putat
946 1975 1015 2016 esse
1036 1956 1071 2015 L.
1100 1943 1323 2036 Quinctilium

275 2063 407 2135 Varum,
422 2058 457 2121 in
471 2059 645 2122 Germania
658 2080 786 2136 casum,
804 2075 921 2124 contra
934 2073 1118 2144 temporum
1137 2057 1319 2122 rationem.

276 2165 349 2231 Vid.
363 2169 399 2228 T.
418 2167 498 2232 rab.
518 2166 619 2253 Epist.
641 2169 755 2245 11‚46.
778 2167 909 2232 Rectius
921 2166 1159 2253 intelliguntL.
1177 2171 1319 2244 Varum,

275 2275 484 2361 Epicureum,
499 2276 633 2342 Caesaris
645 2276 801 2354 amicum,
814 2275 856 2340 de
869 2299 935 2362 quo
950 2276 1108 2362 Quinctil.
1126 2278 1172 2354 X,
1189 2277 1218 2338 3.
1235 2275 1318 2339 Vid.

276 2386 417 2446 Messon.
431 2406 466 2469 p.
481 2385 557 2446 222.
1076 2371 1081 2385 ’

301 2473 307 2482 ¹
321 2489 458 2563 Aristius
470 2491 593 2554 Fuscus
606 2489 660 2576 (1,
681 2492 757 2580 22),
777 2491 1016 2578 grammaticus,
1036 2503 1133 2576 pocta
1150 2503 1183 2553 et
1202 2502 1322 2551 orator·

276 2617 345 2660 non
366 2595 643 2677 contemnendus,
665 2597 715 2660 vir
738 2599 863 2685 probus
884 2612 917 2661 et
933 2599 1084 2680 jocosus,
1107 2595 1322 2660 amicissimus

278 2701 494 2768 Horatiivid.
509 2703 614 2767 Serm.
626 2707 654 2782 Ι,
667 2707 699 2782 9,
712 2707 764 2766 61.
775 2707 832 2769 Est
840 2693 971 2792 quoque
980 2701 1021 2766 ad
1029 2725 1103 2766 eum
1112 2701 1249 2790 Epistl,
1261 2703 1318 2766 10.

320 2811 430 2875 AElius
440 2812 553 2874 [amru
564 2809 605 2894 (1,
616 2811 684 2898 26),
697 2811 748 2874 vir
759 2809 1035 2898 splendidissimus
1048 2831 1084 2874 ac
1097 2807 1320 2884 doctissimus,

275 2917 374 2984 rebus
388 2918 587 2985 Cantabrico
600 2919 689 2983 bello
701 2919 799 3004 gestis
811 2920 929 2998 clarus,
940 2936 973 2986 et
983 2918 1132 2986 triumvir
1143 2915 1321 2982 monetalis

276 3026 344 3092 luit.
362 3025 506 3114 Antiquo
520 3042 553 3090 et
566 3027 672 3092 nobili
683 3049 806 3114 genere
818 3043 910 3096 ortus
925 3042 1005 3092 erat.
1021 3025 1095 3092 Vid.
1112 3023 1154 3089 ad
1166 3027 1222 3102 111,
1238 3025 1290 3086 l'l.

321 3125 1119 3228 Iccius(l,29)}cujuspraenomenignoratur,haud
1127 3130 1224 3197 dubie
1232 3129 1321 3194 filius

278 3243 320 3300 M.
330 3241 420 3316 lceii,
432 3241 521 3325 cujus
533 3242 680 3306 meminit
692 3243 763 3308 Cic.
779 3241 864 3306 Phil.
881 3243 939 3322 ΙΙΙ,
951 3244 1002 3320 10,
1011 3239 1079 3328 qui,
1090 3263 1119 3303 a.
1130 3241 1170 3304 U.
1183 3239 1221 3301 C.
1237 3235 1320 3312 710,

278 3349 421 3413 Siciliam
448 3366 536 3414 sorte
562 3353 715 3418 obtinuit.
744 3353 855 3416 Fuisse
885 3357 1003 3417 Noster
1032 3349 1177 3416 creditur
1201 3361 1321 3435 postea

280 3461 322 3521 M.
331 3459 481 3545 Agrippae
494 3459 528 3522 in
541 3461 650 3526 Sicilia
658 3476 871 3552 procuratum
882 3477 970 3526 etest
978 3461 1020 3526 ad
1030 3484 1104 3526 eum
1112 3459 1213 3548 Epist.
1223 3459 1250 3534 l,
1261 3458 1319 3518 12.

325 3567 364 3646 (l.
380 3565 505 3629 Dellius
516 3565 526 3650 (
536 3569 583 3646 ΙΙ,
598 3570 647 3656 3).
662 3569 724 3636 Vix
738 3583 788 3634 est
805 3568 908 3656 turpis
925 3569 979 3633 ille
1000 3568 1147 3632 exoletus
1163 3562 1322 3636 Antonii,

278 3671 398 3758 dequo
410 3672 474 3736 Dio
487 3674 617 3760 passim,
633 3677 711 3742 item
724 3677 839 3742 Vellei.
855 3681 885 3742 ΙΙ
893 3725 903 3755 ,
919 3671 972 3741 84.
989 3674 1056 3740 Sed
1070 3673 1167 3750 alius,
1186 3671 1323 3736 histori-

278 3801 347 3858 cus,
361 3803 458 3866 quem
469 3805 498 3844 a.
513 3785 552 3847 U.
569 3784 644 3860 723,
656 3784 697 3847 ad
709 3789 885 3873 Augustum
898 3786 939 3848 ab
952 3784 1097 3849 Antonio
1110 3779 1324 3863 transfugisse

232 3901 238 3908 '
277 3903 390 3954 narrat
404 3875 489 3954 Plui.
506 3893 630 3954 Antan.
649 3916 682 3980 p.
701 3896 773 3958 937.
795 3894 956 3959 Scribitur
970 3894 1057 3957 varie
1072 3913 1195 3956 nomen
1205 3935 1214 3968 ,
1229 3889 1324 3951 Deil-

279 3997 354 4072 lius,
372 3997 529 4074 Duellius,
550 3999 702 4066 Duillius.
722 4005 767 4064 Ex
787 4003 931 4066 Duellius
950 4002 1069 4064 lactum
1086 3997 1168 4068 adeo
1181 3995 1322 4064 Bellias.

279 4121 314 4166 ut
326 4126 343 4165 e
356 4105 456 4168 duello
472 4105 596 4170 lullum.
653 4117 683 4168 l
