2906 4694
254 297 303 388 '70
504 359 506 362 Ι
630 265 928 353 DXHORATII

158 469 166 484 x
255 425 344 486 terte,
359 421 394 470 ut
404 405 468 489 legi
478 403 531 466 vix
543 401 679 492 poseium
694 423 796 487 quare
810 401 934 486 primos
943 403 989 463 Xl
1000 421 1112 464 versus
1125 401 1204 463 odes
1216 405 1298 466 lse.

255 518 323 580 rior
334 533 443 602 penna
452 510 562 576 denuo
573 509 711 574 induxit.
725 507 1298 598 Eromuibushis,aliisque,proba-
1399 501 1404 508 ’

253 624 332 700 bile,
348 619 497 684 codicem
513 621 594 684 Sec.
613 615 704 696 Xlll,'
718 633 773 682 sut
788 621 873 698 xlv,
890 620 923 682 in
935 619 1023 682 ltalia
1037 620 1194 707 scriptum
1209 643 1293 688 esse.

197 743 199 747 ’
255 730 387 796 Duabus
397 729 831 816 quesipartibusconstet‚in
841 749 978 815 quarum
987 729 1296 816 prima,quae0des‚

257 835 387 923 Epodos
400 852 433 900 et
445 838 588 902 Carmen
599 859 672 902 sec.
687 836 848 914 continet,
861 837 993 922 singulae
1007 839 1132 924 paginas
1149 839 1184 901 iu
1201 839 1298 902 binae

255 945 417 1012 sectiones
438 943 547 1010 divisae
570 959 665 1020 suut,
693 944 850 1030 lineaequs
876 941 981 1006 ductae
1009 959 1075 1008 tam
1102 959 1298 1008 transverse

257 1057 399 1132 XXVlll,
412 1077 510 1140 quam
522 1053 562 1118 ab
574 1069 712 1138 utreque
724 1069 817 1140 parte
829 1051 870 1118 ad
881 1052 1166 1142 perpendiculum,
1176 1053 1299 1140 quibus

258 1163 399 1230 initiales
416 1165 515 1229 litere
534 1179 567 1230 et
578 1162 800 1250 longitudines
812 1162 972 1226 linearum
985 1162 1212 1226 definirentur.
1228 1166 1298 1226 Nec
1328 1191 1330 1196 ·

179 1351 183 1358 .
256 1270 345 1350 libri,
356 1295 418 1336 nec
431 1273 556 1358 singula
569 1273 714 1336 carmina
728 1287 907 1359 numerata.
922 1271 1297 1358 Peuce-inscriptiones,
1371 1264 1373 1270 ’

246 1382 363 1458 rubrse
375 1382 435 1446 illae
448 1397 482 1446 et
492 1405 511 1446 a
522 1383 638 1446 seriori
647 1403 756 1446 manu.
768 1385 896 1446 Utente
910 1397 1012 1445 artem
1024 1381 1206 1468 poeticam:
1221 1409 1234 1438 s
1246 1385 1300 1444 ln-

255 1495 333 1581 cipit
346 1493 432 1556 liber
446 1493 594 1580 poetice.
609 1522 623 1550 υ
640 1495 699 1554 Ars
715 1469 844 1578 poetica
861 1492 970 1556 stetim
988 1491 1134 1578 sequitur
1150 1489 1294 1578 Epodos.
1366 1491 1373 1508 ⁸

257 1601 388 1668 Scholia
398 1603 435 1666 in
448 1601 553 1688 prima
567 1617 659 1688 parte
671 1601 874 1688 paucissima,
889 1602 922 1663 in
937 1602 1038 1665 altere
1051 1603 1156 1688 plura,
1169 1601 1266 1664 etiem
1279 1625 1300 1665 a

255 1715 360 1800 prima
372 1735 485 1788 manu3
498 1737 516 1775 e
529 1735 593 1800 qua
605 1728 638 1777 et
651 1712 774 1776 codicis
785 1709 954 1798 inscriptio
967 1727 1034 1776 est:
1055 1739 1068 1770 ιι
1081 1714 1154 1798 Ope
1165 1713 1296 1796 Oracyz,

256 1826 335 1888 item
348 1823 514 1908 poetria.»
696 1823 697 1826 ’
743 1903 744 1906 ¹

271 2007 274 2014 Ι
303 1933 408 1996 Codex
419 1933 566 1996 secundas
581 1933 714 2019 (pulpit.
733 1937 761 2010 1,
777 1955 810 1996 n.
833 1933 900 2018 38),
916 1931 1198 2008 membranaceus,
1216 1929 1250 1992 in
1263 1932 1299 2009 l,

256 2038 333 2104 folia
345 2037 470 2102 habens
485 2041 583 2114 CXV3
597 2061 671 2102 nam
685 2040 828 2124 primum
842 2039 955 2102 lolium
968 2038 1175 2126 deperditum
1189 2053 1251 2116 est,
1262 2055 1301 2102 ut

256 2169 345 2213 nuno
356 2147 460 2212 codex
471 2149 671 2239 incipiatur.
687 2150 727 2210 38
739 2148 818 2212 odes
827 2152 868 2212 11.
885 2150 974 2214 Folia
984 2171 1053 2214 uon
1065 2149 1201 2235 signata;
1212 2170 1301 2232 qure-

203 2339 205 2346 Ι
258 2255 1299 2344 dametabibliopegopermutata.Octonisccnstantmanipuli,

259 2380 380 2452 preter
390 2367 466 2428 Xlll'
475 2380 509 2430 et
519 2369 589 2443 XV,
606 2367 662 2452 qui
675 2365 800 2430 hebent
815 2391 902 2432 sena.
921 2372 983 2432 Eos
997 2367 1180 2454 manipulos
1194 2369 1302 2431 serior

258 2497 372 2538 manus
383 2475 418 2537 in
430 2474 539 2537 infima
553 2476 657 2560 prima
668 2477 786 2562 pagine
800 2478 950 2562 signavit,
963 2478 1004 2555 1⁹,
1018 2479 1073 2555 11⁹,
1086 2493 1149 2540 eto.
1164 2477 1218 2562 ,Ab
1235 2501 1302 2542 una

257 2607 357 2648 menu
369 2597 455 2646 totus
470 2582 575 2646 codex
590 2599 650 2660 est,
664 2582 730 2646 sedl
738 2585 955 2668 negligentior
969 2607 1054 2670 saepe
1066 2584 1173 2647 scriba
1187 2583 1301 2672 prodi-

260 2689 442 2769 tur‚vcrbis
451 2691 648 2775 autintegris
657 2691 806 2754 versibus
817 2693 1036 2779 omissis,post
1045 2694 1086 2756 ab
1097 2693 1160 2757 alio
1170 2693 1303 2780 supple·

258 2807 310 2872 tis.
332 2807 399 2868 Nec
426 2802 527 2865 literae
550 2801 611 2866 sibi
628 2817 791 2881 constant,
807 2826 915 2890 neque
931 2819 1158 2868 atramentum.
1171 2807 1301 2868 Vocmn

258 2911 455 3000 compendia
472 2910 621 2998 plurima.
641 2907 845 2996 Diphthongi
864 2910 993 2997 plures,
1013 2933 1110 2998 quam
1128 2911 1162 2974 in
1180 2911 1302 2974 ceteris

261 3027 377 3104 tribus,
389 3024 558 3111 geminatae
576 3021 678 3085 literae
695 3021 876 3107 pauciores.
893 3025 974 3104 Quae
987 3021 1107 3098 omnia,
1123 3023 1302 3106 conjuncte

257 3135 409 3222 inprimis
419 3155 493 3197 cum
507 3131 676 3218 scripture
691 3129 814 3218 specie,
830 3127 968 3193 suadent
981 3127 1130 3192 codicem
1146 3125 1187 3190 ad
1202 3149 1303 3190 saecu-

257 3242 324 3304 lum
342 3245 399 3304 Xll
417 3240 560 3317 referre,
577 3253 610 3302 et
623 3237 746 3302 habere
762 3259 825 3324 pro
844 3237 1065 3323 antiquissimo
1085 3236 1300 3324 Lipsiensium

260 3361 410 3435 quatuor.
431 3347 536 3408 Lineae
553 3347 586 3408 in
602 3346 726 3431 singule
741 3346 858 3430 pagina
876 3345 981 3408 ductas
997 3349 1139 3412 XXXIV.
1159 3347 1300 3410 lnitiales

258 3479 413 3522 versuum
424 3455 547 3519 alterne
560 3455 668 3519 rubrae
681 3469 714 3518 et
726 3469 814 3530 atrae3
829 3453 889 3517 illae
902 3457 1081 3521 carminum
1094 3471 1127 3519 et
1137 3455 1300 3521 librorum

259 3569 365 3656 pictae,
379 3564 437 3630 sed
449 3579 517 3628 arte
530 3561 613 3636 rudi.
630 3563 722 3626 Nulla
739 3561 899 3627 librorum
913 3561 1041 3646 divisio,
1057 3564 1139 3627 nulli
1154 3563 1296 3626 numeri.

259 3683 326 3743 Pro
345 3673 609 3762 inscriptionibus
628 3673 808 3736 carminum
824 3673 921 3737 solius
941 3675 1036 3738 metri
1058 3671 1300 3758 designationes

182 3849 184 3856 .
259 3805 349 3865 sunt,
362 3785 462 3850 minio
478 3785 617 3871 scriptis,
630 3781 688 3846 sed
702 3785 789 3848 lectu
806 3783 967 3860 difficiles,
985 3807 1070 3870 saepe
1088 3769 1184 3846 etiam
1200 3781 1295 3844 salsae.

261 3895 391 3964 Scholia
400 3893 516 3980 passim
530 3891 658 3970 adsunt,
674 3891 732 3955 sed
746 3915 860 3986 pauca,
873 3915 937 3961 nec
952 3893 1044 3956 multi
1056 3885 1224 3958 incruenti.
1239 3893 1300 3955 Ars
