<?xml version="1.0" encoding="UTF-8"?>
<!DOCTYPE html PUBLIC "-//W3C//DTD XHTML 1.0 Transitional//EN"
    "http://www.w3.org/TR/xhtml1/DTD/xhtml1-transitional.dtd">
<html xmlns="http://www.w3.org/1999/xhtml" xml:lang="en" lang="en">
 <head>
  <title>
</title>
<meta http-equiv="Content-Type" content="text/html;charset=utf-8" />
  <meta name='ocr-system' content='tesseract 3.04.00' />
  <meta name='ocr-capabilities' content='ocr_page ocr_carea ocr_par ocr_line ocrx_word'/>
</head>
<body>
  <div class='ocr_page' id='page_1' title='image "./quintushoratius00lemagoog_0104.png"; bbox 0 0 2994 4684; ppageno 0'>
   <div class='ocr_carea' id='block_1_1' title="bbox 496 376 1336 492">
    <p class='ocr_par' dir='ltr' id='par_1_1' title="bbox 496 376 1336 492">
     <span class='ocr_line' id='line_1_1' title="bbox 496 376 1336 492; baseline 0.017 -50"><span class='ocrx_word' id='word_1_1' title='bbox 496 376 893 448; x_wconf 75' lang='lat' dir='ltr'>conicieusmss</span> <span class='ocrx_word' id='word_1_2' title='bbox 1055 479 1059 492; x_wconf 30' lang='grc'><strong><em>1</em></strong></span> <span class='ocrx_word' id='word_1_3' title='bbox 1169 409 1211 480; x_wconf 85' lang='lat'>91</span> <span class='ocrx_word' id='word_1_4' title='bbox 1334 423 1336 430; x_wconf 68' lang='lat'><em>,</em></span> 
     </span>
    </p>
   </div>
   <div class='ocr_carea' id='block_1_2' title="bbox 173 562 1213 658">
    <p class='ocr_par' dir='ltr' id='par_1_2' title="bbox 173 562 1213 658">
     <span class='ocr_line' id='line_1_2' title="bbox 173 562 1213 658; baseline 0.004 -22"><span class='ocrx_word' id='word_1_5' title='bbox 173 571 209 636; x_wconf 89' lang='lat' dir='ltr'>ln</span> <span class='ocrx_word' id='word_1_6' title='bbox 220 563 350 652; x_wconf 82' lang='lat' dir='ltr'>Italia,</span> <span class='ocrx_word' id='word_1_7' title='bbox 363 579 396 634; x_wconf 93' lang='lat' dir='ltr'>ct</span> <span class='ocrx_word' id='word_1_8' title='bbox 408 562 541 658; x_wconf 87' lang='lat' dir='ltr'>quidem</span> <span class='ocrx_word' id='word_1_9' title='bbox 551 565 710 637; x_wconf 85' lang='lat' dir='ltr'>Coesenoe</span> <span class='ocrx_word' id='word_1_10' title='bbox 723 568 759 636; x_wconf 89' lang='lat' dir='ltr'>in</span> <span class='ocrx_word' id='word_1_11' title='bbox 768 563 850 636; x_wconf 82' lang='lat' dir='ltr'><strong>bibl.</strong></span> <span class='ocrx_word' id='word_1_12' title='bbox 860 567 1014 637; x_wconf 80' lang='lat' dir='ltr'><strong>Fratrum</strong></span> <span class='ocrx_word' id='word_1_13' title='bbox 1024 569 1213 642; x_wconf 82' lang='lat' dir='ltr'>Minorem:</span> 
     </span>
    </p>
   </div>
   <div class='ocr_carea' id='block_1_3' title="bbox 164 754 1216 953">
    <p class='ocr_par' dir='ltr' id='par_1_3' title="bbox 164 754 1216 953">
     <span class='ocr_line' id='line_1_3' title="bbox 164 754 1216 848; baseline 0.001 -23"><span class='ocrx_word' id='word_1_14' title='bbox 164 754 166 763; x_wconf 80' lang='lat'>&#39;</span> <span class='ocrx_word' id='word_1_15' title='bbox 216 758 334 825; x_wconf 85' lang='lat' dir='ltr'>Codex</span> <span class='ocrx_word' id='word_1_16' title='bbox 357 757 484 822; x_wconf 84' lang='lat' dir='ltr'>Horatii</span> <span class='ocrx_word' id='word_1_17' title='bbox 508 779 582 822; x_wconf 79' lang='lat' dir='ltr'>sec.</span> <span class='ocrx_word' id='word_1_18' title='bbox 607 759 690 835; x_wconf 83' lang='lat' dir='ltr'>llll,</span> <span class='ocrx_word' id='word_1_19' title='bbox 718 779 793 824; x_wconf 90' lang='lat' dir='ltr'>cum</span> <span class='ocrx_word' id='word_1_20' title='bbox 821 756 982 839; x_wconf 86' lang='lat' dir='ltr'>scholiis,</span> <span class='ocrx_word' id='word_1_21' title='bbox 1008 781 1080 848; x_wconf 85' lang='lat' dir='ltr'>quae</span> <span class='ocrx_word' id='word_1_22' title='bbox 1105 776 1216 826; x_wconf 87' lang='lat' dir='ltr'>tamen</span> 
     </span>
     <span class='ocr_line' id='line_1_4' title="bbox 172 864 1213 953; baseline 0 -21"><span class='ocrx_word' id='word_1_23' title='bbox 172 889 246 932; x_wconf 80' lang='lat' dir='ltr'>saec.</span> <span class='ocrx_word' id='word_1_24' title='bbox 259 870 319 933; x_wconf 88' lang='lat' dir='ltr'>XV</span> <span class='ocrx_word' id='word_1_25' title='bbox 335 865 469 932; x_wconf 87' lang='lat' dir='ltr'>demum</span> <span class='ocrx_word' id='word_1_26' title='bbox 485 881 615 932; x_wconf 82' lang='lat' dir='ltr'>exarata</span> <span class='ocrx_word' id='word_1_27' title='bbox 628 864 797 947; x_wconf 80' lang='lat' dir='ltr'>ridentur,</span> <span class='ocrx_word' id='word_1_28' title='bbox 811 865 923 953; x_wconf 82' lang='lat' dir='ltr'>judice</span> <span class='ocrx_word' id='word_1_29' title='bbox 938 867 1091 933; x_wconf 83' lang='lat' dir='ltr'>Mucciol.</span> <span class='ocrx_word' id='word_1_30' title='bbox 1110 869 1213 934; x_wconf 87' lang='lat' dir='ltr'>Catal.</span> 
     </span>
    </p>
   </div>
   <div class='ocr_carea' id='block_1_4' title="bbox 171 975 1217 1150">
    <p class='ocr_par' dir='ltr' id='par_1_4' title="bbox 171 975 1217 1150">
     <span class='ocr_line' id='line_1_5' title="bbox 171 975 1217 1079; baseline 0.004 -41"><span class='ocrx_word' id='word_1_31' title='bbox 171 975 255 1040; x_wconf 89' lang='lat' dir='ltr'>bibl.</span> <span class='ocrx_word' id='word_1_32' title='bbox 268 975 426 1041; x_wconf 80' lang='lat' dir='ltr'>Malatest.</span> <span class='ocrx_word' id='word_1_33' title='bbox 437 989 463 1040; x_wconf 87' lang='lat' dir='ltr'>t.</span> <span class='ocrx_word' id='word_1_34' title='bbox 479 978 521 1054; x_wconf 87' lang='lat'>11,</span> <span class='ocrx_word' id='word_1_35' title='bbox 531 996 565 1062; x_wconf 92' lang='lat' dir='ltr'>p.</span> <span class='ocrx_word' id='word_1_36' title='bbox 582 975 656 1055; x_wconf 99' lang='grc'><strong>163,</strong></span> <span class='ocrx_word' id='word_1_37' title='bbox 670 977 726 1064; x_wconf 87' lang='lat' dir='ltr'>qui</span> <span class='ocrx_word' id='word_1_38' title='bbox 738 990 772 1041; x_wconf 86' lang='lat' dir='ltr'>ct</span> <span class='ocrx_word' id='word_1_39' title='bbox 783 977 923 1042; x_wconf 76' lang='lat' dir='ltr'>toronis</span> <span class='ocrx_word' id='word_1_40' title='bbox 933 977 1119 1079; x_wconf 84' lang='lat' dir='ltr'>pleniorem</span> <span class='ocrx_word' id='word_1_41' title='bbox 1129 1000 1217 1043; x_wconf 91' lang='lat' dir='ltr'>com·</span> 
     </span>
     <span class='ocr_line' id='line_1_6' title="bbox 172 1081 724 1150; baseline -0.004 -2"><span class='ocrx_word' id='word_1_42' title='bbox 172 1082 369 1150; x_wconf 76' lang='lat' dir='ltr'>menter-ium</span> <span class='ocrx_word' id='word_1_43' title='bbox 381 1081 429 1146; x_wconf 89' lang='lat' dir='ltr'>ibi</span> <span class='ocrx_word' id='word_1_44' title='bbox 441 1082 601 1147; x_wconf 85' lang='lat' dir='ltr'>asservari</span> <span class='ocrx_word' id='word_1_45' title='bbox 612 1082 724 1148; x_wconf 84' lang='lat' dir='ltr'>tradit.</span> 
     </span>
    </p>
   </div>
   <div class='ocr_carea' id='block_1_5' title="bbox 173 1271 1214 1384">
    <p class='ocr_par' dir='ltr' id='par_1_5' title="bbox 173 1271 1214 1384">
     <span class='ocr_line' id='line_1_7' title="bbox 173 1271 1214 1384; baseline 0 -40"><span class='ocrx_word' id='word_1_46' title='bbox 173 1271 386 1360; x_wconf 63' lang='lat' dir='ltr'>Florentia,</span> <span class='ocrx_word' id='word_1_47' title='bbox 399 1275 436 1344; x_wconf 92' lang='lat' dir='ltr'>in</span> <span class='ocrx_word' id='word_1_48' title='bbox 449 1272 533 1384; x_wconf 88' lang='lat' dir='ltr'>bibl.</span> <span class='ocrx_word' id='word_1_49' title='bbox 547 1275 774 1344; x_wconf 86' lang='lat' dir='ltr'>Laurentiana</span> <span class='ocrx_word' id='word_1_50' title='bbox 788 1273 942 1344; x_wconf 87' lang='lat' dir='ltr'>Mcdicea</span> <span class='ocrx_word' id='word_1_51' title='bbox 953 1271 1040 1344; x_wconf 90' lang='lat' dir='ltr'>Plut.</span> <span class='ocrx_word' id='word_1_52' title='bbox 1049 1275 1214 1346; x_wconf 84' lang='lat' dir='ltr'>XXXIV:</span> 
     </span>
    </p>
   </div>
   <div class='ocr_carea' id='block_1_6' title="bbox 173 1425 1217 1665">
    <p class='ocr_par' dir='ltr' id='par_1_6' title="bbox 173 1425 1217 1665">
     <span class='ocr_line' id='line_1_8' title="bbox 219 1425 1215 1550; baseline 0 -26"><span class='ocrx_word' id='word_1_53' title='bbox 219 1463 248 1524; x_wconf 93' lang='grc'>1.</span> <span class='ocrx_word' id='word_1_54' title='bbox 276 1425 396 1526; x_wconf 63' lang='lat' dir='ltr'>Codeub</span> <span class='ocrx_word' id='word_1_55' title='bbox 411 1459 595 1534; x_wconf 86' lang='lat' dir='ltr'>membran.</span> <span class='ocrx_word' id='word_1_56' title='bbox 616 1467 690 1528; x_wconf 85' lang='lat' dir='ltr'>stcc&#39;.</span> <span class='ocrx_word' id='word_1_57' title='bbox 710 1445 782 1538; x_wconf 87' lang='lat' dir='ltr'>Xll,</span> <span class='ocrx_word' id='word_1_58' title='bbox 803 1463 838 1544; x_wconf 78' lang='grc'>1,</span> <span class='ocrx_word' id='word_1_59' title='bbox 854 1456 1101 1526; x_wconf 83' lang='lat' dir='ltr'>correctissimae</span> <span class='ocrx_word' id='word_1_60' title='bbox 1119 1472 1215 1550; x_wconf 85' lang='lat' dir='ltr'>atque</span> 
     </span>
     <span class='ocr_line' id='line_1_9' title="bbox 173 1567 1217 1665; baseline 0 -31"><span class='ocrx_word' id='word_1_61' title='bbox 173 1567 423 1658; x_wconf 72' lang='lat' dir='ltr'>castigatissimae</span> <span class='ocrx_word' id='word_1_62' title='bbox 445 1569 616 1648; x_wconf 87' lang='lat' dir='ltr'>lectionis,</span> <span class='ocrx_word' id='word_1_63' title='bbox 637 1567 755 1665; x_wconf 79' lang='lat' dir='ltr'>diguus</span> <span class='ocrx_word' id='word_1_64' title='bbox 776 1567 880 1648; x_wconf 86' lang='lat' dir='ltr'>adeo,</span> <span class='ocrx_word' id='word_1_65' title='bbox 899 1567 957 1658; x_wconf 85' lang='lat' dir='ltr'>qui</span> <span class='ocrx_word' id='word_1_66' title='bbox 979 1567 1217 1634; x_wconf 82' lang='lat' dir='ltr'>accuratissime</span> 
     </span>
    </p>
   </div>
   <div class='ocr_carea' id='block_1_7' title="bbox 172 1674 1335 1766">
    <p class='ocr_par' dir='ltr' id='par_1_7' title="bbox 172 1674 1335 1766">
     <span class='ocr_line' id='line_1_10' title="bbox 172 1674 1335 1766; baseline -0.003 -24"><span class='ocrx_word' id='word_1_67' title='bbox 172 1675 374 1766; x_wconf 83' lang='lat' dir='ltr'>exploretur.</span> <span class='ocrx_word' id='word_1_68' title='bbox 388 1675 522 1746; x_wconf 87' lang='lat' dir='ltr'>Glossas</span> <span class='ocrx_word' id='word_1_69' title='bbox 535 1678 765 1746; x_wconf 80' lang='lat' dir='ltr'><strong>interlineares</strong></span> <span class='ocrx_word' id='word_1_70' title='bbox 776 1677 879 1758; x_wconf 87' lang='lat' dir='ltr'>habet</span> <span class='ocrx_word' id='word_1_71' title='bbox 891 1692 929 1744; x_wconf 89' lang='lat' dir='ltr'>et-</span> <span class='ocrx_word' id='word_1_72' title='bbox 941 1674 1075 1742; x_wconf 88' lang='lat' dir='ltr'>Scholia</span> <span class='ocrx_word' id='word_1_73' title='bbox 1087 1675 1122 1740; x_wconf 94' lang='lat' dir='ltr'>in</span> <span class='ocrx_word' id='word_1_74' title='bbox 1133 1697 1218 1740; x_wconf 91' lang='lat' dir='ltr'>mar·</span> <span class='ocrx_word' id='word_1_75' title='bbox 1332 1677 1335 1686; x_wconf 84' lang='grc'><strong>“</strong></span> 
     </span>
    </p>
   </div>
   <div class='ocr_carea' id='block_1_8' title="bbox 167 1775 1272 4014">
    <p class='ocr_par' dir='ltr' id='par_1_8' title="bbox 167 1775 1272 4014">
     <span class='ocr_line' id='line_1_11' title="bbox 171 1775 1217 1876; baseline -0.003 -26"><span class='ocrx_word' id='word_1_76' title='bbox 171 1787 247 1876; x_wconf 79' lang='lat' dir='ltr'>gine</span> <span class='ocrx_word' id='word_1_77' title='bbox 266 1775 447 1866; x_wconf 88' lang='lat' dir='ltr'>uberrima,</span> <span class='ocrx_word' id='word_1_78' title='bbox 464 1787 506 1852; x_wconf 88' lang='lat' dir='ltr'>ab</span> <span class='ocrx_word' id='word_1_79' title='bbox 522 1785 638 1854; x_wconf 86' lang='lat' dir='ltr'>eadem</span> <span class='ocrx_word' id='word_1_80' title='bbox 652 1811 752 1857; x_wconf 82' lang='lat' dir='ltr'>mauu</span> <span class='ocrx_word' id='word_1_81' title='bbox 767 1801 909 1856; x_wconf 81' lang='lat' dir='ltr'>exarata.</span> <span class='ocrx_word' id='word_1_82' title='bbox 927 1783 1126 1855; x_wconf 86' lang='lat' dir='ltr'>Praecedunt</span> <span class='ocrx_word' id='word_1_83' title='bbox 1136 1782 1217 1850; x_wconf 84' lang='lat' dir='ltr'>Vitae</span> 
     </span>
     <span class='ocr_line' id='line_1_12' title="bbox 171 1891 1217 1986; baseline 0 -28"><span class='ocrx_word' id='word_1_84' title='bbox 171 1891 302 1958; x_wconf 80' lang='lat' dir='ltr'>Horatii</span> <span class='ocrx_word' id='word_1_85' title='bbox 311 1895 371 1972; x_wconf 90' lang='lat'><strong>111,</strong></span> <span class='ocrx_word' id='word_1_86' title='bbox 382 1915 518 1982; x_wconf 89' lang='lat' dir='ltr'>quarum</span> <span class='ocrx_word' id='word_1_87' title='bbox 531 1893 744 1986; x_wconf 74' lang='lat' dir='ltr'>duaapriores</span> <span class='ocrx_word' id='word_1_88' title='bbox 758 1910 884 1962; x_wconf 81' lang='lat' dir='ltr'>mutum</span> <span class='ocrx_word' id='word_1_89' title='bbox 896 1893 991 1962; x_wconf 75' lang='lat' dir='ltr'>editas</span> <span class='ocrx_word' id='word_1_90' title='bbox 1002 1907 1089 1960; x_wconf 89' lang='lat' dir='ltr'>sunt.</span> <span class='ocrx_word' id='word_1_91' title='bbox 1104 1894 1217 1984; x_wconf 84' lang='lat' dir='ltr'>Opera</span> 
     </span>
     <span class='ocr_line' id='line_1_13' title="bbox 173 1997 1218 2093; baseline 0.001 -30"><span class='ocrx_word' id='word_1_92' title='bbox 173 2001 218 2063; x_wconf 90' lang='lat' dir='ltr'>ita</span> <span class='ocrx_word' id='word_1_93' title='bbox 229 1997 484 2088; x_wconf 78' lang='lat' dir='ltr'>stmtdisposita:</span> <span class='ocrx_word' id='word_1_94' title='bbox 499 2001 690 2070; x_wconf 87' lang='lat' dir='ltr'>Carminum</span> <span class='ocrx_word' id='word_1_95' title='bbox 697 2002 774 2068; x_wconf 87' lang='lat' dir='ltr'>libri</span> <span class='ocrx_word' id='word_1_96' title='bbox 782 2005 836 2070; x_wconf 84' lang='lat' dir='ltr'>IV.</span> <span class='ocrx_word' id='word_1_97' title='bbox 848 2007 899 2070; x_wconf 88' lang='lat' dir='ltr'>De</span> <span class='ocrx_word' id='word_1_98' title='bbox 907 2004 986 2068; x_wconf 79' lang='lat' dir='ltr'>Arte</span> <span class='ocrx_word' id='word_1_99' title='bbox 995 1999 1126 2093; x_wconf 84' lang='lat' dir='ltr'>poetica</span> <span class='ocrx_word' id='word_1_100' title='bbox 1133 1999 1218 2065; x_wconf 88' lang='lat' dir='ltr'>liber</span> 
     </span>
     <span class='ocr_line' id='line_1_14' title="bbox 174 2106 1218 2202; baseline 0.005 -31"><span class='ocrx_word' id='word_1_101' title='bbox 174 2129 271 2172; x_wconf 89' lang='lat' dir='ltr'>unus.</span> <span class='ocrx_word' id='word_1_102' title='bbox 294 2106 445 2194; x_wconf 85' lang='lat' dir='ltr'>Ejusdem</span> <span class='ocrx_word' id='word_1_103' title='bbox 463 2109 605 2202; x_wconf 85' lang='lat' dir='ltr'>Epodon</span> <span class='ocrx_word' id='word_1_104' title='bbox 624 2111 667 2180; x_wconf 91' lang='lat' dir='ltr'>ad</span> <span class='ocrx_word' id='word_1_105' title='bbox 686 2115 900 2180; x_wconf 86' lang='lat' dir='ltr'>Mecoeuatem</span> <span class='ocrx_word' id='word_1_106' title='bbox 914 2111 967 2202; x_wconf 89' lang='lat' dir='ltr'>(in</span> <span class='ocrx_word' id='word_1_107' title='bbox 982 2110 1033 2180; x_wconf 85' lang='lat' dir='ltr'>his</span> <span class='ocrx_word' id='word_1_108' title='bbox 1050 2115 1111 2202; x_wconf 86' lang='lat' dir='ltr'>Ep.</span> <span class='ocrx_word' id='word_1_109' title='bbox 1128 2114 1171 2190; x_wconf 91' lang='grc'>11,</span> <span class='ocrx_word' id='word_1_110' title='bbox 1183 2108 1218 2176; x_wconf 90' lang='lat' dir='ltr'>in</span> 
     </span>
     <span class='ocr_line' id='line_1_15' title="bbox 173 2213 1215 2309; baseline 0.005 -30"><span class='ocrx_word' id='word_1_111' title='bbox 173 2213 254 2280; x_wconf 89' lang='lat' dir='ltr'>duas</span> <span class='ocrx_word' id='word_1_112' title='bbox 273 2214 375 2304; x_wconf 64' lang='lat' dir='ltr'>diuisa</span> <span class='ocrx_word' id='word_1_113' title='bbox 389 2233 456 2304; x_wconf 84' lang='lat' dir='ltr'>est,</span> <span class='ocrx_word' id='word_1_114' title='bbox 469 2221 569 2284; x_wconf 84' lang='lat' dir='ltr'>altera</span> <span class='ocrx_word' id='word_1_115' title='bbox 586 2220 686 2309; x_wconf 88' lang='lat' dir='ltr'>incip.</span> <span class='ocrx_word' id='word_1_116' title='bbox 706 2244 724 2284; x_wconf 92' lang='lat' dir='ltr'>a</span> <span class='ocrx_word' id='word_1_117' title='bbox 738 2244 771 2286; x_wconf 79' lang='lat' dir='ltr'>v.</span> <span class='ocrx_word' id='word_1_118' title='bbox 784 2221 838 2296; x_wconf 81' lang='lat'>23.</span> <span class='ocrx_word' id='word_1_119' title='bbox 859 2221 978 2288; x_wconf 77' lang='lat' dir='ltr'>«Libet</span> <span class='ocrx_word' id='word_1_120' title='bbox 987 2223 1137 2308; x_wconf 50' lang='lat' dir='ltr'>jacerem</span> <span class='ocrx_word' id='word_1_121' title='bbox 1150 2235 1215 2286; x_wconf 90' lang='lat' dir='ltr'>etc.</span> 
     </span>
     <span class='ocr_line' id='line_1_16' title="bbox 170 2323 1218 2418; baseline 0 -30"><span class='ocrx_word' id='word_1_122' title='bbox 170 2323 264 2389; x_wconf 86' lang='lat' dir='ltr'>idem</span> <span class='ocrx_word' id='word_1_123' title='bbox 272 2325 395 2390; x_wconf 87' lang='lat' dir='ltr'>factum</span> <span class='ocrx_word' id='word_1_124' title='bbox 404 2326 439 2392; x_wconf 93' lang='lat' dir='ltr'>in</span> <span class='ocrx_word' id='word_1_125' title='bbox 447 2326 554 2418; x_wconf 90' lang='lat' dir='ltr'>Epod.</span> <span class='ocrx_word' id='word_1_126' title='bbox 565 2329 623 2410; x_wconf 87' lang='lat' dir='ltr'>lx,</span> <span class='ocrx_word' id='word_1_127' title='bbox 635 2327 991 2417; x_wconf 83' lang='lat' dir='ltr'>ubialteraincipitav.</span> <span class='ocrx_word' id='word_1_128' title='bbox 1003 2329 1059 2408; x_wconf 84' lang='grc'>21,</span> <span class='ocrx_word' id='word_1_129' title='bbox 1067 2323 1218 2416; x_wconf 86' lang='lat' dir='ltr'>cumopi-</span> 
     </span>
     <span class='ocr_line' id='line_1_17' title="bbox 169 2421 1218 2528; baseline 0 -28"><span class='ocrx_word' id='word_1_130' title='bbox 169 2433 295 2528; x_wconf 81' lang='lat' dir='ltr'>graphc</span> <span class='ocrx_word' id='word_1_131' title='bbox 309 2463 324 2493; x_wconf 75' lang='grc' dir='ltr'>ι</span> <span class='ocrx_word' id='word_1_132' title='bbox 335 2437 387 2504; x_wconf 93' lang='lat' dir='ltr'>De</span> <span class='ocrx_word' id='word_1_133' title='bbox 399 2421 475 2528; x_wconf 76' lang='lat' dir='ltr'>iuga</span> <span class='ocrx_word' id='word_1_134' title='bbox 484 2438 631 2504; x_wconf 75' lang='lat' dir='ltr'>Antonii.</span> <span class='ocrx_word' id='word_1_135' title='bbox 645 2437 695 2526; x_wconf 76' lang='lat' dir='ltr'>n)=</span> <span class='ocrx_word' id='word_1_136' title='bbox 710 2439 854 2504; x_wconf 90' lang='lat' dir='ltr'>Carmen</span> <span class='ocrx_word' id='word_1_137' title='bbox 868 2438 1041 2504; x_wconf 82' lang='lat' dir='ltr'>saeculare:</span> <span class='ocrx_word' id='word_1_138' title='bbox 1059 2435 1218 2526; x_wconf 85' lang='lat' dir='ltr'>Epistola·</span> 
     </span>
     <span class='ocr_line' id='line_1_18' title="bbox 169 2544 1272 2637; baseline 0.003 -30"><span class='ocrx_word' id='word_1_139' title='bbox 169 2567 243 2610; x_wconf 89' lang='lat' dir='ltr'>rum</span> <span class='ocrx_word' id='word_1_140' title='bbox 253 2545 334 2609; x_wconf 92' lang='lat' dir='ltr'>libri</span> <span class='ocrx_word' id='word_1_141' title='bbox 342 2549 373 2612; x_wconf 89' lang='lat'>11</span> <span class='ocrx_word' id='word_1_142' title='bbox 384 2545 458 2637; x_wconf 82' lang='lat' dir='ltr'>(Ep.</span> <span class='ocrx_word' id='word_1_143' title='bbox 472 2549 530 2616; x_wconf 83' lang='lat' dir='ltr'>XV</span> <span class='ocrx_word' id='word_1_144' title='bbox 539 2546 597 2616; x_wconf 88' lang='lat' dir='ltr'>lib.</span> <span class='ocrx_word' id='word_1_145' title='bbox 611 2551 637 2628; x_wconf 88' lang='grc' dir='ltr'>Ι,</span> <span class='ocrx_word' id='word_1_146' title='bbox 651 2545 686 2614; x_wconf 88' lang='lat' dir='ltr'>in</span> <span class='ocrx_word' id='word_1_147' title='bbox 702 2545 781 2614; x_wconf 76' lang='lat' dir='ltr'>duas</span> <span class='ocrx_word' id='word_1_148' title='bbox 799 2545 966 2615; x_wconf 82' lang='lat' dir='ltr'>dividitur.</span> <span class='ocrx_word' id='word_1_149' title='bbox 981 2546 1093 2616; x_wconf 78' lang='lat' dir='ltr'>Altera</span> <span class='ocrx_word' id='word_1_150' title='bbox 1101 2544 1218 2634; x_wconf 90' lang='lat' dir='ltr'>incipit</span> <span class='ocrx_word' id='word_1_151' title='bbox 1271 2559 1272 2564; x_wconf 76' lang='grc'>’</span> 
     </span>
     <span class='ocr_line' id='line_1_19' title="bbox 169 2655 1215 2746; baseline 0 -28"><span class='ocrx_word' id='word_1_152' title='bbox 169 2677 231 2720; x_wconf 85' lang='lat' dir='ltr'>av.</span> <span class='ocrx_word' id='word_1_153' title='bbox 247 2655 304 2734; x_wconf 71' lang='lat'>26,</span> <span class='ocrx_word' id='word_1_154' title='bbox 315 2679 392 2722; x_wconf 87' lang='lat' dir='ltr'>curn</span> <span class='ocrx_word' id='word_1_155' title='bbox 403 2657 499 2722; x_wconf 88' lang='lat' dir='ltr'>titulo</span> <span class='ocrx_word' id='word_1_156' title='bbox 512 2683 522 2722; x_wconf 69' lang='grc' dir='ltr'><strong><em>ε</em></strong></span> <span class='ocrx_word' id='word_1_157' title='bbox 536 2655 612 2724; x_wconf 70' lang='grc' dir='ltr'>«Λᾶ</span> <span class='ocrx_word' id='word_1_158' title='bbox 627 2656 783 2724; x_wconf 76' lang='lat' dir='ltr'>Meuium</span> <span class='ocrx_word' id='word_1_159' title='bbox 797 2655 963 2722; x_wconf 89' lang='lat' dir='ltr'>Sourram.</span> <span class='ocrx_word' id='word_1_160' title='bbox 979 2685 994 2716; x_wconf 75' lang='lat' dir='ltr'>s</span> <span class='ocrx_word' id='word_1_161' title='bbox 1007 2659 1090 2722; x_wconf 86' lang='lat' dir='ltr'>ltem</span> <span class='ocrx_word' id='word_1_162' title='bbox 1101 2658 1162 2746; x_wconf 89' lang='lat' dir='ltr'>Ep.</span> <span class='ocrx_word' id='word_1_163' title='bbox 1172 2657 1215 2734; x_wconf 90' lang='grc'>11,</span> 
     </span>
     <span class='ocr_line' id='line_1_20' title="bbox 169 2761 1216 2858; baseline 0 -32"><span class='ocrx_word' id='word_1_164' title='bbox 169 2761 226 2826; x_wconf 92' lang='lat' dir='ltr'>lib.</span> <span class='ocrx_word' id='word_1_165' title='bbox 247 2767 299 2844; x_wconf 92' lang='lat' dir='ltr'>ll,</span> <span class='ocrx_word' id='word_1_166' title='bbox 319 2762 440 2828; x_wconf 82' lang='lat' dir='ltr'>desinit</span> <span class='ocrx_word' id='word_1_167' title='bbox 458 2788 490 2830; x_wconf 83' lang='lat' dir='ltr'>v.</span> <span class='ocrx_word' id='word_1_168' title='bbox 514 2767 588 2846; x_wconf 87' lang='grc'><strong>103,</strong></span> <span class='ocrx_word' id='word_1_169' title='bbox 609 2778 643 2830; x_wconf 88' lang='lat' dir='ltr'>et</span> <span class='ocrx_word' id='word_1_170' title='bbox 662 2786 751 2858; x_wconf 75' lang='lat' dir='ltr'>nova</span> <span class='ocrx_word' id='word_1_171' title='bbox 769 2763 886 2854; x_wconf 87' lang='lat' dir='ltr'>incipit</span> <span class='ocrx_word' id='word_1_172' title='bbox 899 2787 932 2830; x_wconf 81' lang='lat' dir='ltr'>v.</span> <span class='ocrx_word' id='word_1_173' title='bbox 953 2766 1028 2843; x_wconf 89' lang='grc'><strong>109,</strong></span> <span class='ocrx_word' id='word_1_174' title='bbox 1047 2763 1216 2852; x_wconf 83' lang='lat' dir='ltr'>apposito:</span> 
     </span>
     <span class='ocr_line' id='line_1_21' title="bbox 173 2868 1216 2964; baseline -0.004 -28"><span class='ocrx_word' id='word_1_175' title='bbox 173 2900 187 2928; x_wconf 77' lang='grc' dir='ltr'>ι</span> <span class='ocrx_word' id='word_1_176' title='bbox 200 2874 267 2936; x_wconf 79' lang='lat' dir='ltr'>Lex</span> <span class='ocrx_word' id='word_1_177' title='bbox 278 2869 440 2959; x_wconf 90' lang='lat' dir='ltr'>poematis</span> <span class='ocrx_word' id='word_1_178' title='bbox 453 2871 495 2964; x_wconf 75' lang='lat' dir='ltr'>a).</span> <span class='ocrx_word' id='word_1_179' title='bbox 508 2872 706 2938; x_wconf 81' lang='lat' dir='ltr'>Sermonum</span> <span class='ocrx_word' id='word_1_180' title='bbox 716 2869 793 2936; x_wconf 90' lang='lat' dir='ltr'>libri</span> <span class='ocrx_word' id='word_1_181' title='bbox 803 2873 846 2948; x_wconf 91' lang='lat'>11,</span> <span class='ocrx_word' id='word_1_182' title='bbox 863 2869 922 2936; x_wconf 90' lang='lat' dir='ltr'>ubi</span> <span class='ocrx_word' id='word_1_183' title='bbox 937 2871 1085 2938; x_wconf 82' lang='lat' dir='ltr'>Serm02</span> <span class='ocrx_word' id='word_1_184' title='bbox 1100 2868 1176 2934; x_wconf 87' lang='lat' dir='ltr'>libri</span> <span class='ocrx_word' id='word_1_185' title='bbox 1188 2872 1216 2946; x_wconf 89' lang='lat'>1,</span> 
     </span>
     <span class='ocr_line' id='line_1_22' title="bbox 170 2979 1218 3059; baseline -0.003 -16"><span class='ocrx_word' id='word_1_186' title='bbox 170 2980 205 3044; x_wconf 90' lang='lat' dir='ltr'>in</span> <span class='ocrx_word' id='word_1_187' title='bbox 217 2979 301 3045; x_wconf 85' lang='lat' dir='ltr'>duos</span> <span class='ocrx_word' id='word_1_188' title='bbox 319 2979 488 3059; x_wconf 87' lang='lat' dir='ltr'>dividitur,</span> <span class='ocrx_word' id='word_1_189' title='bbox 510 2979 690 3046; x_wconf 81' lang='lat' dir='ltr'>inchoante</span> <span class='ocrx_word' id='word_1_190' title='bbox 707 2979 811 3044; x_wconf 89' lang='lat' dir='ltr'>altero</span> <span class='ocrx_word' id='word_1_191' title='bbox 826 3001 886 3042; x_wconf 88' lang='lat' dir='ltr'>av.</span> <span class='ocrx_word' id='word_1_192' title='bbox 900 2981 953 3041; x_wconf 91' lang='grc'>86.</span> <span class='ocrx_word' id='word_1_193' title='bbox 973 2982 1056 3041; x_wconf 90' lang='lat' dir='ltr'>Item</span> <span class='ocrx_word' id='word_1_194' title='bbox 1069 2979 1218 3042; x_wconf 77' lang='lat' dir='ltr'>Serm02</span> 
     </span>
     <span class='ocr_line' id='line_1_23' title="bbox 170 3083 1219 3178; baseline 0 -31"><span class='ocrx_word' id='word_1_195' title='bbox 170 3085 250 3149; x_wconf 90' lang='lat' dir='ltr'>libri</span> <span class='ocrx_word' id='word_1_196' title='bbox 266 3091 309 3165; x_wconf 91' lang='lat' dir='ltr'>ll,</span> <span class='ocrx_word' id='word_1_197' title='bbox 327 3086 386 3150; x_wconf 84' lang='lat' dir='ltr'>uhi</span> <span class='ocrx_word' id='word_1_198' title='bbox 406 3087 488 3152; x_wconf 82' lang='lat' dir='ltr'>alter</span> <span class='ocrx_word' id='word_1_199' title='bbox 505 3085 624 3178; x_wconf 87' lang='lat' dir='ltr'>incipit</span> <span class='ocrx_word' id='word_1_200' title='bbox 642 3107 660 3150; x_wconf 92' lang='lat' dir='ltr'>a</span> <span class='ocrx_word' id='word_1_201' title='bbox 679 3109 711 3152; x_wconf 82' lang='lat' dir='ltr'>v.</span> <span class='ocrx_word' id='word_1_202' title='bbox 734 3085 790 3164; x_wconf 87' lang='grc'>53,</span> <span class='ocrx_word' id='word_1_203' title='bbox 808 3107 884 3149; x_wconf 88' lang='lat' dir='ltr'>cum</span> <span class='ocrx_word' id='word_1_204' title='bbox 902 3083 1019 3148; x_wconf 82' lang='lat' dir='ltr'>titulo:</span> <span class='ocrx_word' id='word_1_205' title='bbox 1041 3083 1219 3172; x_wconf 79' lang='lat' dir='ltr'>«Corripit</span> 
     </span>
     <span class='ocr_line' id='line_1_24' title="bbox 172 3191 1219 3285; baseline 0.002 -29"><span class='ocrx_word' id='word_1_206' title='bbox 172 3192 325 3258; x_wconf 88' lang='lat' dir='ltr'>sordidos</span> <span class='ocrx_word' id='word_1_207' title='bbox 342 3195 403 3259; x_wconf 91' lang='lat' dir='ltr'>suh</span> <span class='ocrx_word' id='word_1_208' title='bbox 423 3195 523 3262; x_wconf 80' lang='lat' dir='ltr'>Ofelli</span> <span class='ocrx_word' id='word_1_209' title='bbox 538 3194 685 3260; x_wconf 89' lang='lat' dir='ltr'>nomine.</span> <span class='ocrx_word' id='word_1_210' title='bbox 706 3222 720 3251; x_wconf 74' lang='lat' dir='ltr'>a</span> <span class='ocrx_word' id='word_1_211' title='bbox 741 3197 824 3256; x_wconf 90' lang='lat' dir='ltr'>ltem</span> <span class='ocrx_word' id='word_1_212' title='bbox 841 3194 948 3256; x_wconf 88' lang='lat' dir='ltr'>Serm.</span> <span class='ocrx_word' id='word_1_213' title='bbox 972 3194 1005 3272; x_wconf 93' lang='grc'>3,</span> <span class='ocrx_word' id='word_1_214' title='bbox 1024 3191 1081 3285; x_wconf 87' lang='lat' dir='ltr'>qui</span> <span class='ocrx_word' id='word_1_215' title='bbox 1099 3191 1219 3259; x_wconf 88' lang='lat' dir='ltr'>desinit</span> 
     </span>
     <span class='ocr_line' id='line_1_25' title="bbox 172 3297 1219 3390; baseline 0.006 -30"><span class='ocrx_word' id='word_1_216' title='bbox 172 3321 207 3362; x_wconf 82' lang='lat' dir='ltr'>v.</span> <span class='ocrx_word' id='word_1_217' title='bbox 221 3301 296 3378; x_wconf 93' lang='grc'><strong>161,</strong></span> <span class='ocrx_word' id='word_1_218' title='bbox 306 3315 378 3366; x_wconf 86' lang='lat' dir='ltr'>etv.</span> <span class='ocrx_word' id='word_1_219' title='bbox 393 3303 467 3381; x_wconf 86' lang='grc'><strong>166,</strong></span> <span class='ocrx_word' id='word_1_220' title='bbox 480 3323 587 3367; x_wconf 75' lang='lat' dir='ltr'>novare</span> <span class='ocrx_word' id='word_1_221' title='bbox 599 3299 728 3390; x_wconf 87' lang='lat' dir='ltr'>incipit,</span> <span class='ocrx_word' id='word_1_222' title='bbox 741 3297 935 3388; x_wconf 73' lang='lat' dir='ltr'>inscriptusz</span> <span class='ocrx_word' id='word_1_223' title='bbox 952 3327 967 3358; x_wconf 74' lang='lat' dir='ltr'>a</span> <span class='ocrx_word' id='word_1_224' title='bbox 981 3299 1107 3365; x_wconf 83' lang='lat' dir='ltr'>Contra</span> <span class='ocrx_word' id='word_1_225' title='bbox 1119 3299 1219 3366; x_wconf 88' lang='lat' dir='ltr'>ambi·</span> 
     </span>
     <span class='ocr_line' id='line_1_26' title="bbox 173 3389 1218 3497; baseline 0.003 -25"><span class='ocrx_word' id='word_1_226' title='bbox 173 3407 276 3473; x_wconf 79' lang='lat' dir='ltr'>tiosos</span> <span class='ocrx_word' id='word_1_227' title='bbox 289 3423 322 3472; x_wconf 87' lang='lat' dir='ltr'>et</span> <span class='ocrx_word' id='word_1_228' title='bbox 334 3431 450 3475; x_wconf 85' lang='lat' dir='ltr'>avaros</span> <span class='ocrx_word' id='word_1_229' title='bbox 465 3411 579 3497; x_wconf 81' lang='lat' dir='ltr'>ecloga</span> <span class='ocrx_word' id='word_1_230' title='bbox 591 3414 630 3478; x_wconf 85' lang='lat' dir='ltr'>V.</span> <span class='ocrx_word' id='word_1_231' title='bbox 645 3440 659 3470; x_wconf 75' lang='lat' dir='ltr'>s</span> <span class='ocrx_word' id='word_1_232' title='bbox 678 3413 795 3475; x_wconf 84' lang='lat' dir='ltr'>Franc.</span> <span class='ocrx_word' id='word_1_233' title='bbox 810 3409 998 3475; x_wconf 78' lang='lat' dir='ltr'>Petrarchoe</span> <span class='ocrx_word' id='word_1_234' title='bbox 1016 3389 1112 3475; x_wconf 83' lang='lat' dir='ltr'>fuisse</span> <span class='ocrx_word' id='word_1_235' title='bbox 1128 3409 1218 3477; x_wconf 89' lang='lat' dir='ltr'>hunc</span> 
     </span>
     <span class='ocr_line' id='line_1_27' title="bbox 172 3513 1221 3608; baseline 0.004 -28"><span class='ocrx_word' id='word_1_236' title='bbox 172 3513 331 3580; x_wconf 87' lang='lat' dir='ltr'>Codiccm</span> <span class='ocrx_word' id='word_1_237' title='bbox 343 3531 481 3582; x_wconf 83' lang='lat' dir='ltr'>testatur</span> <span class='ocrx_word' id='word_1_238' title='bbox 492 3517 666 3606; x_wconf 81' lang='lat' dir='ltr'>suscriptio</span> <span class='ocrx_word' id='word_1_239' title='bbox 677 3521 746 3604; x_wconf 84' lang='lat' dir='ltr'>ejus</span> <span class='ocrx_word' id='word_1_240' title='bbox 756 3517 976 3608; x_wconf 83' lang='lat' dir='ltr'>autographa:</span> <span class='ocrx_word' id='word_1_241' title='bbox 989 3547 1004 3577; x_wconf 70' lang='lat' dir='ltr'>a</span> <span class='ocrx_word' id='word_1_242' title='bbox 1015 3517 1113 3584; x_wconf 88' lang='lat' dir='ltr'>Liber</span> <span class='ocrx_word' id='word_1_243' title='bbox 1120 3521 1221 3584; x_wconf 83' lang='lat' dir='ltr'>Fran·</span> 
     </span>
     <span class='ocr_line' id='line_1_28' title="bbox 167 3623 1216 3713; baseline 0.002 -26"><span class='ocrx_word' id='word_1_244' title='bbox 167 3623 631 3713; x_wconf 80' lang='lat' dir='ltr'>ciscil’etrarcelaurcati,qui</span> <span class='ocrx_word' id='word_1_245' title='bbox 641 3625 853 3712; x_wconf 84' lang='lat' dir='ltr'>postobitum</span> <span class='ocrx_word' id='word_1_246' title='bbox 860 3627 929 3711; x_wconf 89' lang='lat' dir='ltr'>ejus</span> <span class='ocrx_word' id='word_1_247' title='bbox 937 3641 1216 3713; x_wconf 87' lang='lat' dir='ltr'>remaneatpenes</span> 
     </span>
     <span class='ocr_line' id='line_1_29' title="bbox 168 3729 1221 3824; baseline -0.001 -29"><span class='ocrx_word' id='word_1_248' title='bbox 168 3729 328 3798; x_wconf 87' lang='lat' dir='ltr'>heredem</span> <span class='ocrx_word' id='word_1_249' title='bbox 337 3753 443 3797; x_wconf 88' lang='lat' dir='ltr'>suum.</span> <span class='ocrx_word' id='word_1_250' title='bbox 456 3735 674 3821; x_wconf 78' lang='lat' dir='ltr'>Emptuslan.</span> <span class='ocrx_word' id='word_1_251' title='bbox 689 3733 784 3824; x_wconf 79' lang='grc'><strong>1311,</strong></span> <span class='ocrx_word' id='word_1_252' title='bbox 796 3733 992 3798; x_wconf 84' lang='lat' dir='ltr'>Novembris</span> <span class='ocrx_word' id='word_1_253' title='bbox 1003 3735 1056 3797; x_wconf 76' lang='lat'>28.</span> <span class='ocrx_word' id='word_1_254' title='bbox 1071 3762 1084 3792; x_wconf 76' lang='lat' dir='ltr'>u</span> <span class='ocrx_word' id='word_1_255' title='bbox 1100 3735 1138 3796; x_wconf 93' lang='lat' dir='ltr'>ln</span> <span class='ocrx_word' id='word_1_256' title='bbox 1150 3733 1221 3816; x_wconf 85' lang='lat' dir='ltr'>ejus</span> 
     </span>
     <span class='ocr_line' id='line_1_30' title="bbox 167 3837 1219 3928; baseline -0.003 -25"><span class='ocrx_word' id='word_1_257' title='bbox 167 3837 399 3926; x_wconf 82' lang='lat' dir='ltr'>integumento</span> <span class='ocrx_word' id='word_1_258' title='bbox 419 3841 536 3928; x_wconf 82' lang='lat' dir='ltr'>legitur</span> <span class='ocrx_word' id='word_1_259' title='bbox 553 3843 630 3904; x_wconf 79' lang='lat' dir='ltr'>Ant.</span> <span class='ocrx_word' id='word_1_260' title='bbox 645 3837 824 3904; x_wconf 89' lang='lat' dir='ltr'>Cocchium</span> <span class='ocrx_word' id='word_1_261' title='bbox 836 3839 924 3908; x_wconf 92' lang='lat' dir='ltr'>hunc</span> <span class='ocrx_word' id='word_1_262' title='bbox 939 3841 1023 3907; x_wconf 89' lang='lat' dir='ltr'>Cod.</span> <span class='ocrx_word' id='word_1_263' title='bbox 1041 3839 1219 3907; x_wconf 80' lang='lat' dir='ltr'>contulisse</span> 
     </span>
     <span class='ocr_line' id='line_1_31' title="bbox 168 3947 970 4014; baseline 0 -2"><span class='ocrx_word' id='word_1_264' title='bbox 168 3967 280 4014; x_wconf 84' lang='lat' dir='ltr'>mense</span> <span class='ocrx_word' id='word_1_265' title='bbox 294 3947 393 4012; x_wconf 86' lang='lat' dir='ltr'>Febr.</span> <span class='ocrx_word' id='word_1_266' title='bbox 409 3949 505 4012; x_wconf 88' lang='grc'><strong>1131.</strong></span> <span class='ocrx_word' id='word_1_267' title='bbox 519 3949 656 4014; x_wconf 87' lang='lat' dir='ltr'>Constat</span> <span class='ocrx_word' id='word_1_268' title='bbox 667 3947 751 4012; x_wconf 85' lang='lat' dir='ltr'>loliis</span> <span class='ocrx_word' id='word_1_269' title='bbox 767 3949 837 4012; x_wconf 79' lang='grc'><strong>141.</strong></span> <span class='ocrx_word' id='word_1_270' title='bbox 966 3967 970 3975; x_wconf 93' lang='grc'><strong><em>·</em></strong></span> 
     </span>
    </p>
   </div>
   <div class='ocr_carea' id='block_1_9' title="bbox 0 0 1503 4684">
    <p class='ocr_par' dir='ltr' id='par_1_9' title="bbox 0 0 1503 4684">
     <span class='ocr_line' id='line_1_32' title="bbox 0 0 1503 4684; baseline 0 0"><span class='ocrx_word' id='word_1_271' title='bbox 0 0 1503 4684; x_wconf 95' lang='lat' dir='ltr'> </span> 
     </span>
    </p>
   </div>
  </div>
 </body>
</html>
