2994 4684
260 372 325 457 08
624 365 690 434 uu
714 363 922 434 nonnata

255 509 319 570 fine
330 529 338 566 ε
351 531 364 561 a
376 501 509 568 Vienna
522 497 701 562 Pannoniae
717 515 778 586 per
791 501 955 564 loannem
972 499 1183 586 Singrenium
1197 503 1295 566 Anno

256 609 402 678 Domini.
420 635 433 664 ι
452 607 485 668 4.
913 615 917 623 ’

299 717 384 782 Bibl.
402 710 547 780 Vindob.
566 713 662 778 Dent's
680 711 738 776 lib.
759 709 846 778 laud.
865 737 899 802 p.
915 715 997 791 2343
1010 715 1099 780 Ptil.
1113 717 1295 781 Gundelium

256 825 350 915 operi
361 823 525 913 praefuisse
537 819 702 910 opinatur.

302 965 395 1030 1523.
418 964 547 1028 Horatii
558 964 726 1050 Epistulae,
741 961 868 1028 editore
881 967 1012 1030 Joaune
1026 959 1166 1031 Clesario
1178 967 1213 1030 in
1225 989 1294 1052 gra-

228 1094 231 1102 ·
254 1077 330 1139 tiam
342 1073 513 1138 illmtrium
520 1071 755 1161 discipulorum
763 1075 898 1138 Antonii
909 1090 943 1139 et
955 1075 1117 1141 Salentini
1127 1076 1294 1140 Comitum

253 1179 550 1270 isenburgicorum.
567 1181 712 1248 Coloniae
727 1182 812 1270 typis
824 1184 962 1253 loannis
973 1185 1111 1263 Soteris,
1127 1187 1159 1248 8.

296 1289 420 1356 Laudat
430 1288 605 1353 Hortalum.
621 1287 706 1352 Bibl.
724 1287 844 1388 Colon.
858 1313 893 1377 p.
910 1293 982 1354 105.

275 1457 334 1479 ’·-
347 1435 387 1514 Q.
399 1419 526 1494 Horaa‘t'
534 1431 648 1494 Flacci
657 1431 807 1494 Poemaea
821 1433 937 1509 omnm,
950 1430 1058 1496 studio
1077 1452 1115 1495 ac
1127 1429 1294 1516 diligentia

167 1523 175 1544 ’
252 1538 386 1605 Henrici
399 1537 554 1604 Glareani
573 1536 756 1623 recognita,
774 1521 921 1622 ejusdem
939 1537 1205 1605 annotationibus
1223 1536 1294 1600 illu-

221 1682 223 1686 ·
253 1663 362 1724 strata,
380 1643 498 1732 quibus
517 1657 551 1708 et
568 1643 731 1730 permulta
748 1641 894 1708 authoris
912 1642 985 1708 loca
1005 1639 1161 1708 hactenus
1176 1643 1295 1732 depra-

250 1772 342 1832 vata,
371 1769 405 1817 et
434 1751 747 1816 commentariorum
772 1749 895 1814 »infiniti
922 1765 1073 1828 errores,
1094 1751 1148 1816 vel
1174 1751 1294 1836 injuria

250 1861 421 1948 temporis,
440 1858 493 1952 pel
510 1857 721 1922 librariortun
734 1855 951 1943 indiligentia,
967 1872 1022 1920 aut
1041 1857 1218 1922 sciolorum
1234 1858 1292 1922 im-

250 1982 386 2056 postura
402 1962 532 2028 admissi
546 1977 600 2026 aut
617 1962 714 2026 etiam
726 1977 1024 2030 commentatorum
1041 1963 1211 2028 oscitantia
1222 1985 1292 2029 uon

251 2071 468 2139 animadversi
480 2085 595 2134 exacto
607 2069 966 2156 restituunturjudicio.
980 2069 1116 2156 Adjocta
1126 2089 1203 2138 sunt
1212 2096 1294 2161 praa-

251 2199 341 2246 terea
356 2179 478 2268 ubique
497 2191 688 2264 argumenta
704 2190 738 2241 et
754 2175 945 2241 Carminum
959 2177 1117 2244 rationes.
1133 2175 1184 2244 nd
1202 2159 1291 2258 haec,
1373 2245 1376 2254 ,

250 2291 311 2356 alia
323 2287 482 2354 nonnulla
495 2263 556 2374 ipsi
570 2283 700 2350 authori
711 2309 780 2351 non
793 2309 910 2376 parum
921 2287 1002 2352 lucis
1013 2287 1203 2353 adferentis.
1221 2283 1293 2352 Fri-

250 2398 347 2483 burgi
358 2395 527 2482 Brisgojae,
543 2396 574 2458 8.
645 2377 650 2396 .

291 2478 501 2591 Desciiptum
517 2499 652 2566 exhibui
672 2501 808 2589 plenum
825 2501 902 2567 libri
922 2503 1066 2582 titulum,
1085 2527 1151 2592 quo
1170 2505 1293 2569 certius

249 2617 310 2681 tibi
330 2613 372 2679 de
393 2612 578 2698 arrogantia
597 2611 741 2676 hominis
759 2626 937 2676 constaret.
968 2615 1130 2702 Expressa
1150 2613 1218 2678 lere
1242 2631 1293 2680 eat

249 2725 366 2792 Aldina
381 2725 477 2799 1519,
491 2736 542 2799 et,
559 2721 616 2786 ubi
636 2743 707 2786 eam
724 2721 863 2800 deserit,
881 2719 1005 2789 temere
1022 2723 1087 2789 hoc
1100 2725 1220 2788 factum
1236 2724 1292 2789 de-

246 2831 444 2924 prehendas.
466 2831 578 2905 Series
599 2829 669 2894 hec
689 2828 789 2894 editio
809 2828 887 2895 dein
910 2831 1050 2919 repetita
1066 2846 1118 2898 est
1138 2855 1167 2896 a.
1192 2833 1289 2912 1533,

251 2942 460 3024 1535,1536,
477 2937 795 3018 1539,1510,1519.’

214 3097 218 3104 “
295 3090 389 3152 1521.
412 3086 576 3162 Homu'us,
589 3085 761 3160 Javmlo,
776 3095 807 3146 et
815 3083 953 3148 Persius.
974 3081 1104 3146 Basileae
1117 3083 1151 3148 in
1165 3082 1292 3172 adibus

249 3195 414 3265 Valentini
427 3193 594 3282 Curionis.
607 3197 636 3256 X
650 3189 787 3258 Calend.
803 3195 974 3278 Augustas,
993 3193 1024 3255 0.
1242 3233 1245 3246 .

293 3305 397 3365 Mat'tt.
415 3301 488 3366 lud.
502 3305 531 3380 1,
549 3325 583 3413 p.
599 3295 681 3379 502,
702 3301 786 3364 Bibl.
804 3299 999 3388 Alteuburg.
1017 3323 1051 3389 p.
1071 3301 1144 3365 109.
1166 3303 1293 3365 Recusa

249 3413 318 3475 haec
333 3425 383 3474 est
397 3431 426 3474 a.
445 3411 525 3474 1521
544 3425 577 3474 et
591 3411 686 3474 1531.

293 3573 388 3636 1525.
404 3574 444 3653 Q.
453 3571 580 3636 Horatii
584 3573 699 3637 Flacci
702 3572 882 3638 &nuceum
892 3570 967 3638 libri
971 3573 1025 3652 11,
1037 3591 1113 3638 oum
1126 3586 1288 3636 annotatt.

141 3700 143 3708 ’
175 3696 179 3712 ’
246 3677 415 3744 nonnullis
426 3677 461 3742 iu
474 3679 562 3743 calco
575 3677 746 3766 adjunctis.
763 3683 928 3769 dntwerp.
946 3684 979 3748 4.

291 3787 376 3851 Bibl.
394 3787 483 3852 lluls.
504 3811 537 3876 p.
556 3791 631 3854 522.

5 3979 11 3996 .
101 3949 107 3963 ¹
198 3957 200 3962 ¹
293 3933 386 3996 1520.
412 3933 538 3998 Horau'i
558 3933 633 4000 Odoe
655 3889 830 4013 inundati,
856 3957 931 3999 cum
955 3907 1170 3999 breviusculis
1194 3954 1290 4018 argu-
