<?xml version="1.0" encoding="UTF-8"?>
<!DOCTYPE html PUBLIC "-//W3C//DTD XHTML 1.0 Transitional//EN"
    "http://www.w3.org/TR/xhtml1/DTD/xhtml1-transitional.dtd">
<html xmlns="http://www.w3.org/1999/xhtml" xml:lang="en" lang="en">
 <head>
  <title>
</title>
<meta http-equiv="Content-Type" content="text/html;charset=utf-8" />
  <meta name='ocr-system' content='tesseract 3.04.00' />
  <meta name='ocr-capabilities' content='ocr_page ocr_carea ocr_par ocr_line ocrx_word'/>
</head>
<body>
  <div class='ocr_page' id='page_1' title='image "./quintushoratius00lemagoog_0214.png"; bbox 0 0 3014 4678; ppageno 0'>
   <div class='ocr_carea' id='block_1_1' title="bbox 549 360 1234 459">
    <p class='ocr_par' dir='ltr' id='par_1_1' title="bbox 549 360 1234 459">
     <span class='ocr_line' id='line_1_1' title="bbox 549 360 1234 459; baseline 0.02 -14"><span class='ocrx_word' id='word_1_1' title='bbox 549 379 892 450; x_wconf 82' lang='lat' dir='ltr'><strong>norrtomaus.</strong></span> <span class='ocrx_word' id='word_1_2' title='bbox 1173 360 1234 459; x_wconf 78' lang='lat' dir='ltr'><strong>ab}</strong></span> 
     </span>
    </p>
   </div>
   <div class='ocr_carea' id='block_1_2' title="bbox 154 510 1253 2898">
    <p class='ocr_par' dir='ltr' id='par_1_2' title="bbox 195 510 1253 2004">
     <span class='ocr_line' id='line_1_2' title="bbox 241 510 1241 590; baseline 0.015 -15"><span class='ocrx_word' id='word_1_3' title='bbox 241 513 388 576; x_wconf 83' lang='lat' dir='ltr'><strong>Accessit</strong></span> <span class='ocrx_word' id='word_1_4' title='bbox 404 510 445 576; x_wconf 92' lang='lat' dir='ltr'><strong>ad</strong></span> <span class='ocrx_word' id='word_1_5' title='bbox 462 511 688 578; x_wconf 88' lang='lat' dir='ltr'><strong>adornandam</strong></span> <span class='ocrx_word' id='word_1_6' title='bbox 707 515 792 581; x_wconf 91' lang='lat' dir='ltr'><strong>hanc</strong></span> <span class='ocrx_word' id='word_1_7' title='bbox 809 518 934 582; x_wconf 83' lang='lat' dir='ltr'>Horatii</span> <span class='ocrx_word' id='word_1_8' title='bbox 949 519 1130 586; x_wconf 81' lang='lat' dir='ltr'><strong>editionem</strong></span> <span class='ocrx_word' id='word_1_9' title='bbox 1144 516 1241 590; x_wconf 83' lang='lat' dir='ltr'><strong>Bent-</strong></span> 
     </span>
     <span class='ocr_line' id='line_1_3' title="bbox 195 619 1253 720; baseline 0.015 -38"><span class='ocrx_word' id='word_1_10' title='bbox 195 619 276 684; x_wconf 88' lang='lat' dir='ltr'><strong>leius</strong></span> <span class='ocrx_word' id='word_1_11' title='bbox 290 635 356 684; x_wconf 92' lang='lat' dir='ltr'><strong>tam</strong></span> <span class='ocrx_word' id='word_1_12' title='bbox 370 619 479 686; x_wconf 91' lang='lat' dir='ltr'><strong>Codd.</strong></span> <span class='ocrx_word' id='word_1_13' title='bbox 499 624 793 709; x_wconf 80' lang='lat' dir='ltr'><strong>praestantioribus,</strong></span> <span class='ocrx_word' id='word_1_14' title='bbox 810 651 909 714; x_wconf 92' lang='lat' dir='ltr'><strong>quam</strong></span> <span class='ocrx_word' id='word_1_15' title='bbox 928 629 1076 716; x_wconf 84' lang='lat' dir='ltr'><strong>ingenio,</strong></span> <span class='ocrx_word' id='word_1_16' title='bbox 1090 655 1157 718; x_wconf 92' lang='lat' dir='ltr'><strong>quo</strong></span> <span class='ocrx_word' id='word_1_17' title='bbox 1171 635 1253 720; x_wconf 57' lang='lat' dir='ltr'><strong>pol:</strong></span> 
     </span>
     <span class='ocr_line' id='line_1_4' title="bbox 195 733 1241 829; baseline 0.011 -31"><span class='ocrx_word' id='word_1_18' title='bbox 195 733 285 798; x_wconf 88' lang='lat' dir='ltr'><strong>lebat</strong></span> <span class='ocrx_word' id='word_1_19' title='bbox 307 733 834 824; x_wconf 58' lang='lat' dir='ltr'><strong>nycticoram),,reconditiorisque</strong></span> <span class='ocrx_word' id='word_1_20' title='bbox 858 735 1060 804; x_wconf 83' lang='lat' dir='ltr'><strong>eruditionis</strong></span> <span class='ocrx_word' id='word_1_21' title='bbox 1076 744 1169 829; x_wconf 90' lang='lat' dir='ltr'><strong>copia</strong></span> <span class='ocrx_word' id='word_1_22' title='bbox 1193 745 1241 810; x_wconf 91' lang='lat' dir='ltr'><strong>in-</strong></span> 
     </span>
     <span class='ocr_line' id='line_1_5' title="bbox 197 841 1241 932; baseline 0.007 -24"><span class='ocrx_word' id='word_1_23' title='bbox 197 843 445 920; x_wconf 86' lang='lat' dir='ltr'><strong>structissimus,</strong></span> <span class='ocrx_word' id='word_1_24' title='bbox 469 858 567 930; x_wconf 85' lang='lat' dir='ltr'><strong>atque</strong></span> <span class='ocrx_word' id='word_1_25' title='bbox 589 843 675 910; x_wconf 88' lang='lat' dir='ltr'><strong>hanc</strong></span> <span class='ocrx_word' id='word_1_26' title='bbox 696 841 840 932; x_wconf 76' lang='lat' dir='ltr'><strong>spartam</strong></span> <span class='ocrx_word' id='word_1_27' title='bbox 863 845 907 910; x_wconf 90' lang='lat' dir='ltr'><strong>ita</strong></span> <span class='ocrx_word' id='word_1_28' title='bbox 930 847 1080 926; x_wconf 87' lang='lat' dir='ltr'><strong>ornavit,</strong></span> <span class='ocrx_word' id='word_1_29' title='bbox 1103 864 1140 912; x_wconf 94' lang='lat' dir='ltr'><strong>ut</strong></span> <span class='ocrx_word' id='word_1_30' title='bbox 1162 873 1241 915; x_wconf 89' lang='lat' dir='ltr'><strong>vere</strong></span> 
     </span>
     <span class='ocr_line' id='line_1_6' title="bbox 199 953 1242 1048; baseline 0.007 -30"><span class='ocrx_word' id='word_1_31' title='bbox 199 953 323 1018; x_wconf 83' lang='lat' dir='ltr'>Horatii</span> <span class='ocrx_word' id='word_1_32' title='bbox 344 953 521 1040; x_wconf 83' lang='lat' dir='ltr'><strong>sospitator</strong></span> <span class='ocrx_word' id='word_1_33' title='bbox 542 953 609 1018; x_wconf 88' lang='lat' dir='ltr'><strong>dici</strong></span> <span class='ocrx_word' id='word_1_34' title='bbox 631 953 812 1042; x_wconf 81' lang='lat' dir='ltr'><strong>haberique</strong></span> <span class='ocrx_word' id='word_1_35' title='bbox 834 971 1012 1022; x_wconf 91' lang='lat' dir='ltr'><strong>mereatur.</strong></span> <span class='ocrx_word' id='word_1_36' title='bbox 1037 961 1242 1048; x_wconf 87' lang='lat' dir='ltr'><strong>Quamquam</strong></span> 
     </span>
     <span class='ocr_line' id='line_1_7' title="bbox 198 1063 1242 1156; baseline 0.005 -27"><span class='ocrx_word' id='word_1_37' title='bbox 198 1087 273 1129; x_wconf 89' lang='lat' dir='ltr'><strong>eum</strong></span> <span class='ocrx_word' id='word_1_38' title='bbox 284 1063 424 1128; x_wconf 87' lang='lat' dir='ltr'><strong>subinde</strong></span> <span class='ocrx_word' id='word_1_39' title='bbox 434 1064 520 1128; x_wconf 92' lang='lat' dir='ltr'><strong>ultra</strong></span> <span class='ocrx_word' id='word_1_40' title='bbox 530 1063 708 1128; x_wconf 87' lang='lat' dir='ltr'><strong>terminum</strong></span> <span class='ocrx_word' id='word_1_41' title='bbox 712 1087 828 1152; x_wconf 89' lang='lat' dir='ltr'><strong>,quem</strong></span> <span class='ocrx_word' id='word_1_42' title='bbox 838 1082 1030 1153; x_wconf 80' lang='lat' dir='ltr'><strong>exquisitior</strong></span> <span class='ocrx_word' id='word_1_43' title='bbox 1038 1090 1153 1132; x_wconf 88' lang='lat' dir='ltr'><strong>sensus</strong></span> <span class='ocrx_word' id='word_1_44' title='bbox 1164 1092 1242 1156; x_wconf 91' lang='lat' dir='ltr'><strong>poe·</strong></span> 
     </span>
     <span class='ocr_line' id='line_1_8' title="bbox 198 1174 1241 1282; baseline 0.007 -44"><span class='ocrx_word' id='word_1_45' title='bbox 198 1174 279 1238; x_wconf 88' lang='lat' dir='ltr'><strong>ticus</strong></span> <span class='ocrx_word' id='word_1_46' title='bbox 300 1175 500 1262; x_wconf 79' lang='lat' dir='ltr'><strong>praefigeret,</strong></span> <span class='ocrx_word' id='word_1_47' title='bbox 520 1190 673 1262; x_wconf 82' lang='lat' dir='ltr'><strong>vagatum</strong></span> <span class='ocrx_word' id='word_1_48' title='bbox 690 1175 933 1282; x_wconf 85' lang='lat' dir='ltr'><strong>deprehendas.</strong></span> <span class='ocrx_word' id='word_1_49' title='bbox 956 1180 986 1240; x_wconf 90' lang='lat' dir='ltr'><strong>ls</strong></span> <span class='ocrx_word' id='word_1_50' title='bbox 1005 1194 1096 1244; x_wconf 88' lang='lat' dir='ltr'><strong>certe</strong></span> <span class='ocrx_word' id='word_1_51' title='bbox 1115 1195 1182 1244; x_wconf 90' lang='lat' dir='ltr'><strong>tam</strong></span> <span class='ocrx_word' id='word_1_52' title='bbox 1201 1204 1241 1246; x_wconf 85' lang='lat' dir='ltr'><strong>ex</strong></span> 
     </span>
     <span class='ocr_line' id='line_1_9' title="bbox 199 1267 1240 1371; baseline 0.002 -23"><span class='ocrx_word' id='word_1_53' title='bbox 199 1267 306 1348; x_wconf 83' lang='lat' dir='ltr'><strong>Codd</strong></span> <span class='ocrx_word' id='word_1_54' title='bbox 320 1285 413 1348; x_wconf 87' lang='lat' dir='ltr'><strong>MSS.</strong></span> <span class='ocrx_word' id='word_1_55' title='bbox 433 1306 531 1370; x_wconf 89' lang='lat' dir='ltr'><strong>quam</strong></span> <span class='ocrx_word' id='word_1_56' title='bbox 545 1306 586 1348; x_wconf 82' lang='lat' dir='ltr'><strong>ex</strong></span> <span class='ocrx_word' id='word_1_57' title='bbox 597 1283 798 1371; x_wconf 83' lang='lat' dir='ltr'><strong>suspicione,</strong></span> <span class='ocrx_word' id='word_1_58' title='bbox 811 1283 950 1371; x_wconf 87' lang='lat' dir='ltr'><strong>amplius</strong></span> <span class='ocrx_word' id='word_1_59' title='bbox 962 1285 1025 1350; x_wconf 87' lang='lat'><strong>800</strong></span> <span class='ocrx_word' id='word_1_60' title='bbox 1038 1285 1120 1350; x_wconf 88' lang='lat' dir='ltr'><strong>locis</strong></span> <span class='ocrx_word' id='word_1_61' title='bbox 1136 1289 1240 1350; x_wconf 87' lang='lat' dir='ltr'><strong>Hora·</strong></span> 
     </span>
     <span class='ocr_line' id='line_1_10' title="bbox 198 1389 1243 1480; baseline 0.001 -26"><span class='ocrx_word' id='word_1_62' title='bbox 198 1391 279 1455; x_wconf 91' lang='lat' dir='ltr'><strong>tium</strong></span> <span class='ocrx_word' id='word_1_63' title='bbox 296 1391 350 1456; x_wconf 89' lang='lat' dir='ltr'><strong>vel</strong></span> <span class='ocrx_word' id='word_1_64' title='bbox 369 1390 574 1470; x_wconf 79' lang='lat' dir='ltr'><strong>emendavit,</strong></span> <span class='ocrx_word' id='word_1_65' title='bbox 593 1391 648 1456; x_wconf 89' lang='lat' dir='ltr'><strong>vel</strong></span> <span class='ocrx_word' id='word_1_66' title='bbox 667 1390 850 1476; x_wconf 81' lang='lat' dir='ltr'><strong>exagitavit.</strong></span> <span class='ocrx_word' id='word_1_67' title='bbox 871 1389 982 1455; x_wconf 85' lang='lat' dir='ltr'><strong>Hinc</strong></span> <span class='ocrx_word' id='word_1_68' title='bbox 973 1413 1043 1480; x_wconf 83' lang='lat' dir='ltr'><strong>ipse</strong></span> <span class='ocrx_word' id='word_1_69' title='bbox 1062 1407 1177 1455; x_wconf 90' lang='lat' dir='ltr'><strong>nactus</strong></span> <span class='ocrx_word' id='word_1_70' title='bbox 1193 1407 1243 1456; x_wconf 89' lang='lat' dir='ltr'><strong>est</strong></span> 
     </span>
     <span class='ocr_line' id='line_1_11' title="bbox 198 1493 1241 1588; baseline -0.004 -24"><span class='ocrx_word' id='word_1_71' title='bbox 198 1500 401 1564; x_wconf 86' lang='lat' dir='ltr'><strong>adversarios</strong></span> <span class='ocrx_word' id='word_1_72' title='bbox 412 1499 532 1588; x_wconf 90' lang='lat' dir='ltr'><strong>partim</strong></span> <span class='ocrx_word' id='word_1_73' title='bbox 545 1498 697 1573; x_wconf 84' lang='lat' dir='ltr'><strong>acerbos,</strong></span> <span class='ocrx_word' id='word_1_74' title='bbox 708 1493 829 1586; x_wconf 88' lang='lat' dir='ltr'><strong>partim</strong></span> <span class='ocrx_word' id='word_1_75' title='bbox 840 1498 928 1562; x_wconf 89' lang='lat' dir='ltr'><strong>bene</strong></span> <span class='ocrx_word' id='word_1_76' title='bbox 940 1512 1093 1562; x_wconf 89' lang='lat' dir='ltr'><strong>armatos.</strong></span> <span class='ocrx_word' id='word_1_77' title='bbox 1112 1497 1241 1560; x_wconf 87' lang='lat' dir='ltr'><strong>Primus</strong></span> 
     </span>
     <span class='ocr_line' id='line_1_12' title="bbox 197 1606 1243 1697; baseline -0.006 -23"><span class='ocrx_word' id='word_1_78' title='bbox 197 1608 330 1697; x_wconf 88' lang='lat' dir='ltr'><strong>quidem</strong></span> <span class='ocrx_word' id='word_1_79' title='bbox 342 1609 405 1674; x_wconf 85' lang='lat' dir='ltr'><strong>fuit</strong></span> <span class='ocrx_word' id='word_1_80' title='bbox 420 1629 615 1696; x_wconf 76' lang='lat' dir='ltr'><strong>anonymus,</strong></span> <span class='ocrx_word' id='word_1_81' title='bbox 631 1609 723 1692; x_wconf 86' lang='lat' dir='ltr'><strong>cujus</strong></span> <span class='ocrx_word' id='word_1_82' title='bbox 740 1606 1243 1694; x_wconf 71' lang='lat' dir='ltr'><strong>exstatAnstarchusampallans</strong></span> 
     </span>
     <span class='ocr_line' id='line_1_13' title="bbox 196 1696 1238 1802; baseline -0.004 -20"><span class='ocrx_word' id='word_1_83' title='bbox 196 1721 229 1782; x_wconf 83' lang='lat' dir='ltr'><strong>in</strong></span> <span class='ocrx_word' id='word_1_84' title='bbox 248 1715 332 1784; x_wconf 51' lang='lat' dir='ltr'><strong>*curis</strong></span> <span class='ocrx_word' id='word_1_85' title='bbox 352 1720 495 1796; x_wconf 75' lang='lat' dir='ltr'><strong>Horatii,</strong></span> <span class='ocrx_word' id='word_1_86' title='bbox 520 1731 655 1782; x_wconf 88' lang='lat' dir='ltr'><strong>auctore</strong></span> <span class='ocrx_word' id='word_1_87' title='bbox 678 1715 886 1802; x_wconf 85' lang='lat' dir='ltr'><strong>Philargyrio</strong></span> <span class='ocrx_word' id='word_1_88' title='bbox 911 1696 1069 1781; x_wconf 82' lang='lat' dir='ltr'><strong>Cantabr.</strong></span> <span class='ocrx_word' id='word_1_89' title='bbox 1095 1713 1238 1779; x_wconf 88' lang='lat' dir='ltr'><strong>Londin.</strong></span> 
     </span>
     <span class='ocr_line' id='line_1_14' title="bbox 200 1818 1242 1916; baseline -0.003 -24"><span class='ocrx_word' id='word_1_90' title='bbox 200 1831 301 1900; x_wconf 75' lang='lat'><strong>1712,</strong></span> <span class='ocrx_word' id='word_1_91' title='bbox 322 1831 353 1893; x_wconf 88' lang='lat'><strong>8.</strong></span> <span class='ocrx_word' id='word_1_92' title='bbox 371 1827 519 1916; x_wconf 64' lang='lat' dir='ltr'><strong>⁸lllterius</strong></span> <span class='ocrx_word' id='word_1_93' title='bbox 541 1831 675 1914; x_wconf 89' lang='lat' dir='ltr'><strong>ejusque</strong></span> <span class='ocrx_word' id='word_1_94' title='bbox 695 1825 911 1912; x_wconf 83' lang='lat' dir='ltr'><strong>ludimagistri</strong></span> <span class='ocrx_word' id='word_1_95' title='bbox 929 1818 1242 1912; x_wconf 80' lang='lat' dir='ltr'><strong>Nottinghamieitsis</strong></span> 
     </span>
     <span class='ocr_line' id='line_1_15' title="bbox 196 1915 1242 2004; baseline -0.002 -2"><span class='ocrx_word' id='word_1_96' title='bbox 196 1939 291 2003; x_wconf 87' lang='lat' dir='ltr'><strong>Rich.</strong></span> <span class='ocrx_word' id='word_1_97' title='bbox 318 1936 484 2004; x_wconf 88' lang='lat' dir='ltr'><strong>Johnsoni</strong></span> <span class='ocrx_word' id='word_1_98' title='bbox 514 1951 564 2001; x_wconf 89' lang='lat' dir='ltr'><strong>est</strong></span> <span class='ocrx_word' id='word_1_99' title='bbox 586 1915 786 2000; x_wconf 64' lang='lat' dir='ltr'><strong>Aristarchus</strong></span> <span class='ocrx_word' id='word_1_100' title='bbox 807 1935 1084 2000; x_wconf 79' lang='lat' dir='ltr'><strong>Antibentlct&#39;anus.</strong></span> <span class='ocrx_word' id='word_1_101' title='bbox 1113 1937 1242 2000; x_wconf 83' lang='lat' dir='ltr'><strong>Nottin·</strong></span> 
     </span>
    </p>

    <p class='ocr_par' dir='ltr' id='par_1_3' title="bbox 173 2039 1243 2779">
     <span class='ocr_line' id='line_1_16' title="bbox 173 2039 1241 2133; baseline -0.007 -23"><span class='ocrx_word' id='word_1_102' title='bbox 173 2051 176 2058; x_wconf 91' lang='lat'>&#39;</span> <span class='ocrx_word' id='word_1_103' title='bbox 197 2045 306 2133; x_wconf 83' lang='lat' dir='ltr'><strong>gham.</strong></span> <span class='ocrx_word' id='word_1_104' title='bbox 330 2047 425 2124; x_wconf 79' lang='grc'><strong>1717,</strong></span> <span class='ocrx_word' id='word_1_105' title='bbox 444 2048 475 2108; x_wconf 85' lang='grc'><strong>8.</strong></span> <span class='ocrx_word' id='word_1_106' title='bbox 503 2042 668 2132; x_wconf 90' lang='lat' dir='ltr'><strong>lsquidem</strong></span> <span class='ocrx_word' id='word_1_107' title='bbox 690 2041 844 2108; x_wconf 87' lang='lat' dir='ltr'><strong>acerbior</strong></span> <span class='ocrx_word' id='word_1_108' title='bbox 860 2041 921 2105; x_wconf 85' lang='lat' dir='ltr'><strong>luit</strong></span> <span class='ocrx_word' id='word_1_109' title='bbox 939 2064 1037 2128; x_wconf 90' lang='lat' dir='ltr'><strong>quam</strong></span> <span class='ocrx_word' id='word_1_110' title='bbox 1051 2039 1165 2105; x_wconf 86' lang='lat' dir='ltr'><strong>valens</strong></span> <span class='ocrx_word' id='word_1_111' title='bbox 1181 2039 1241 2104; x_wconf 95' lang='lat' dir='ltr'><strong>do-</strong></span> 
     </span>
     <span class='ocr_line' id='line_1_17' title="bbox 198 2131 1240 2239; baseline -0.008 -19"><span class='ocrx_word' id='word_1_112' title='bbox 198 2155 315 2220; x_wconf 89' lang='lat' dir='ltr'><strong>ctrina.</strong></span> <span class='ocrx_word' id='word_1_113' title='bbox 337 2156 432 2220; x_wconf 74' lang='lat' dir='ltr'><strong>Alex.</strong></span> <span class='ocrx_word' id='word_1_114' title='bbox 450 2151 529 2217; x_wconf 91' lang='lat' dir='ltr'><strong>dein</strong></span> <span class='ocrx_word' id='word_1_115' title='bbox 547 2151 781 2239; x_wconf 85' lang='lat' dir='ltr'><strong>Cunlngamius</strong></span> <span class='ocrx_word' id='word_1_116' title='bbox 800 2131 924 2216; x_wconf 83' lang='lat' dir='ltr'><strong>vindex</strong></span> <span class='ocrx_word' id='word_1_117' title='bbox 947 2150 1070 2214; x_wconf 86' lang='lat' dir='ltr'><strong>exstitit</strong></span> <span class='ocrx_word' id='word_1_118' title='bbox 1092 2149 1240 2226; x_wconf 84' lang='lat' dir='ltr'><strong>Horatii3</strong></span> 
     </span>
     <span class='ocr_line' id='line_1_18' title="bbox 196 2258 1241 2352; baseline -0.01 -21"><span class='ocrx_word' id='word_1_119' title='bbox 196 2287 303 2352; x_wconf 88' lang='lat' dir='ltr'><strong>neque</strong></span> <span class='ocrx_word' id='word_1_120' title='bbox 323 2287 392 2330; x_wconf 90' lang='lat' dir='ltr'><strong>non</strong></span> <span class='ocrx_word' id='word_1_121' title='bbox 411 2262 544 2349; x_wconf 83' lang='lat' dir='ltr'><strong>ingenio</strong></span> <span class='ocrx_word' id='word_1_122' title='bbox 561 2275 595 2326; x_wconf 85' lang='lat' dir='ltr'><strong>et</strong></span> <span class='ocrx_word' id='word_1_123' title='bbox 607 2260 779 2336; x_wconf 90' lang='lat' dir='ltr'><strong>doctrina,</strong></span> <span class='ocrx_word' id='word_1_124' title='bbox 799 2282 863 2347; x_wconf 94' lang='lat' dir='ltr'><strong>qua</strong></span> <span class='ocrx_word' id='word_1_125' title='bbox 879 2258 1046 2346; x_wconf 89' lang='lat' dir='ltr'><strong>pollebat,</strong></span> <span class='ocrx_word' id='word_1_126' title='bbox 1068 2258 1118 2322; x_wconf 86' lang='lat' dir='ltr'><strong>bis</strong></span> <span class='ocrx_word' id='word_1_127' title='bbox 1132 2258 1189 2346; x_wconf 90' lang='lat' dir='ltr'><strong>qui</strong></span> <span class='ocrx_word' id='word_1_128' title='bbox 1207 2258 1241 2322; x_wconf 92' lang='lat' dir='ltr'><strong>in</strong></span> 
     </span>
     <span class='ocr_line' id='line_1_19' title="bbox 197 2357 1243 2461; baseline -0.006 -23"><span class='ocrx_word' id='word_1_129' title='bbox 197 2357 342 2439; x_wconf 48' lang='lat' dir='ltr'><strong>Horatio¹</strong></span> <span class='ocrx_word' id='word_1_130' title='bbox 354 2372 505 2461; x_wconf 90' lang='lat' dir='ltr'><strong>sapiunt,</strong></span> <span class='ocrx_word' id='word_1_131' title='bbox 527 2369 711 2434; x_wconf 91' lang='lat' dir='ltr'><strong>Bentleium</strong></span> <span class='ocrx_word' id='word_1_132' title='bbox 732 2391 901 2456; x_wconf 86' lang='lat' dir='ltr'><strong>superasse</strong></span> <span class='ocrx_word' id='word_1_133' title='bbox 922 2368 1068 2448; x_wconf 89' lang='lat' dir='ltr'><strong>videtur,</strong></span> <span class='ocrx_word' id='word_1_134' title='bbox 1086 2391 1243 2434; x_wconf 72' lang='lat' dir='ltr'><strong>nonnam·</strong></span> 
     </span>
     <span class='ocr_line' id='line_1_20' title="bbox 197 2461 1241 2570; baseline -0.004 -24"><span class='ocrx_word' id='word_1_135' title='bbox 197 2505 292 2570; x_wconf 87' lang='lat' dir='ltr'><strong>quant</strong></span> <span class='ocrx_word' id='word_1_136' title='bbox 307 2483 406 2570; x_wconf 88' lang='lat' dir='ltr'><strong>paulo</strong></span> <span class='ocrx_word' id='word_1_137' title='bbox 422 2478 594 2568; x_wconf 82' lang='lat' dir='ltr'><strong>superbius</strong></span> <span class='ocrx_word' id='word_1_138' title='bbox 606 2461 641 2542; x_wconf 91' lang='lat' dir='ltr'><strong>in</strong></span> <span class='ocrx_word' id='word_1_139' title='bbox 653 2478 832 2566; x_wconf 88' lang='lat' dir='ltr'><strong>superbum</strong></span> <span class='ocrx_word' id='word_1_140' title='bbox 844 2478 921 2565; x_wconf 86' lang='lat' dir='ltr'><strong>egit.</strong></span> <span class='ocrx_word' id='word_1_141' title='bbox 936 2481 1061 2543; x_wconf 72' lang='lat' dir='ltr'><strong>Praeter</strong></span> <span class='ocrx_word' id='word_1_142' title='bbox 1071 2478 1133 2544; x_wconf 92' lang='lat' dir='ltr'><strong>hos</strong></span> <span class='ocrx_word' id='word_1_143' title='bbox 1145 2479 1241 2542; x_wconf 89' lang='lat' dir='ltr'><strong>etiam</strong></span> 
     </span>
     <span class='ocr_line' id='line_1_21' title="bbox 197 2585 1239 2676; baseline -0.005 -21"><span class='ocrx_word' id='word_1_144' title='bbox 197 2591 308 2655; x_wconf 90' lang='lat' dir='ltr'><strong>Lamb.</strong></span> <span class='ocrx_word' id='word_1_145' title='bbox 332 2595 398 2654; x_wconf 91' lang='lat' dir='ltr'><strong>Bos</strong></span> <span class='ocrx_word' id='word_1_146' title='bbox 417 2589 451 2652; x_wconf 91' lang='lat' dir='ltr'><strong>in</strong></span> <span class='ocrx_word' id='word_1_147' title='bbox 471 2610 560 2676; x_wconf 87' lang='lat' dir='ltr'><strong>spec.</strong></span> <span class='ocrx_word' id='word_1_148' title='bbox 588 2587 751 2652; x_wconf 89' lang='lat' dir='ltr'><strong>animadv.</strong></span> <span class='ocrx_word' id='word_1_149' title='bbox 771 2585 813 2651; x_wconf 91' lang='lat' dir='ltr'><strong>ad</strong></span> <span class='ocrx_word' id='word_1_150' title='bbox 834 2587 971 2675; x_wconf 82' lang='lat' dir='ltr'><strong>scriptt.</strong></span> <span class='ocrx_word' id='word_1_151' title='bbox 992 2593 1074 2652; x_wconf 90' lang='lat' dir='ltr'><strong>Latt.</strong></span> <span class='ocrx_word' id='word_1_152' title='bbox 1096 2591 1239 2674; x_wconf 84' lang='lat' dir='ltr'><strong>Franeq.</strong></span> 
     </span>
     <span class='ocr_line' id='line_1_22' title="bbox 199 2684 1243 2779; baseline -0.004 -16"><span class='ocrx_word' id='word_1_153' title='bbox 199 2703 295 2779; x_wconf 81' lang='grc'><strong>1111,</strong></span> <span class='ocrx_word' id='word_1_154' title='bbox 306 2703 339 2779; x_wconf 88' lang='lat'><strong>8,</strong></span> <span class='ocrx_word' id='word_1_155' title='bbox 352 2697 515 2764; x_wconf 93' lang='lat' dir='ltr'><strong>nonnulla</strong></span> <span class='ocrx_word' id='word_1_156' title='bbox 527 2698 599 2764; x_wconf 86' lang='lat' dir='ltr'><strong>loca</strong></span> <span class='ocrx_word' id='word_1_157' title='bbox 608 2699 724 2762; x_wconf 88' lang='lat' dir='ltr'><strong>Horat.</strong></span> <span class='ocrx_word' id='word_1_158' title='bbox 738 2697 895 2762; x_wconf 90' lang='lat' dir='ltr'><strong>adversus</strong></span> <span class='ocrx_word' id='word_1_159' title='bbox 904 2684 1088 2762; x_wconf 82' lang='lat' dir='ltr'><strong>Bentleium</strong></span> <span class='ocrx_word' id='word_1_160' title='bbox 1098 2697 1243 2763; x_wconf 88' lang='lat' dir='ltr'><strong>vindicat</strong></span> 
     </span>
    </p>

    <p class='ocr_par' dir='ltr' id='par_1_4' title="bbox 154 2806 431 2898">
     <span class='ocr_line' id='line_1_23' title="bbox 154 2806 431 2898; baseline -0.004 -28"><span class='ocrx_word' id='word_1_161' title='bbox 154 2879 162 2898; x_wconf 39' lang='grc' dir='ltr'><strong><em>Ι</em></strong></span> <span class='ocrx_word' id='word_1_162' title='bbox 196 2806 431 2894; x_wconf 89' lang='lat' dir='ltr'><strong>illuminatque.</strong></span> 
     </span>
    </p>
   </div>
   <div class='ocr_carea' id='block_1_3' title="bbox 159 2948 1243 3260">
    <p class='ocr_par' dir='ltr' id='par_1_5' title="bbox 159 2948 1243 3260">
     <span class='ocr_line' id='line_1_24' title="bbox 159 2948 1217 3034; baseline -0.001 -19"><span class='ocrx_word' id='word_1_163' title='bbox 159 2975 164 2986; x_wconf 88' lang='lat'><strong>·</strong></span> <span class='ocrx_word' id='word_1_164' title='bbox 244 2992 277 3000; x_wconf 95' lang='lat'><em>-</em></span> <span class='ocrx_word' id='word_1_165' title='bbox 290 2953 329 3034; x_wconf 84' lang='lat' dir='ltr'><strong>Q.</strong></span> <span class='ocrx_word' id='word_1_166' title='bbox 344 2953 494 3015; x_wconf 80' lang='lat' dir='ltr'><strong>Horau&#39;us</strong></span> <span class='ocrx_word' id='word_1_167' title='bbox 505 2950 651 3028; x_wconf 78' lang='lat' dir='ltr'><strong>Flaccus,</strong></span> <span class='ocrx_word' id='word_1_168' title='bbox 664 2948 728 3014; x_wconf 85' lang='lat' dir='ltr'><strong>fide</strong></span> <span class='ocrx_word' id='word_1_169' title='bbox 741 2953 816 3014; x_wconf 83' lang='lat' dir='ltr'><strong>Mss.</strong></span> <span class='ocrx_word' id='word_1_170' title='bbox 832 2949 1036 3015; x_wconf 89' lang='lat' dir='ltr'><strong>emendatus.</strong></span> <span class='ocrx_word' id='word_1_171' title='bbox 1050 2951 1165 3017; x_wconf 90' lang='lat' dir='ltr'><strong>Ultrai.</strong></span> <span class='ocrx_word' id='word_1_172' title='bbox 1186 2953 1217 3014; x_wconf 90' lang='lat'><strong>8.</strong></span> 
     </span>
     <span class='ocr_line' id='line_1_25' title="bbox 240 3057 1243 3150; baseline 0.001 -24"><span class='ocrx_word' id='word_1_173' title='bbox 240 3061 397 3150; x_wconf 83' lang='lat' dir='ltr'><strong>Repetitae</strong></span> <span class='ocrx_word' id='word_1_174' title='bbox 409 3083 541 3148; x_wconf 84' lang='lat' dir='ltr'><strong>quoque</strong></span> <span class='ocrx_word' id='word_1_175' title='bbox 553 3060 588 3124; x_wconf 92' lang='lat' dir='ltr'><strong>h.</strong></span> <span class='ocrx_word' id='word_1_176' title='bbox 604 3083 633 3123; x_wconf 91' lang='lat' dir='ltr'><strong>a.</strong></span> <span class='ocrx_word' id='word_1_177' title='bbox 649 3057 726 3124; x_wconf 90' lang='lat' dir='ltr'><strong>edd.</strong></span> <span class='ocrx_word' id='word_1_178' title='bbox 742 3058 1014 3147; x_wconf 85' lang='lat' dir='ltr'><strong>Rodellii(1.ond.</strong></span> <span class='ocrx_word' id='word_1_179' title='bbox 1030 3061 1080 3149; x_wconf 78' lang='lat'><strong>8),</strong></span> <span class='ocrx_word' id='word_1_180' title='bbox 1092 3063 1243 3135; x_wconf 87' lang='lat' dir='ltr'><strong>Juvcncii</strong></span> 
     </span>
     <span class='ocr_line' id='line_1_26' title="bbox 196 3167 827 3260; baseline -0.008 -23"><span class='ocrx_word' id='word_1_181' title='bbox 196 3171 364 3260; x_wconf 88' lang='lat' dir='ltr'><strong>(Rothom.</strong></span> <span class='ocrx_word' id='word_1_182' title='bbox 381 3172 430 3260; x_wconf 82' lang='lat'><strong>8),</strong></span> <span class='ocrx_word' id='word_1_183' title='bbox 446 3186 481 3235; x_wconf 94' lang='lat' dir='ltr'><strong>et</strong></span> <span class='ocrx_word' id='word_1_184' title='bbox 490 3173 638 3256; x_wconf 87' lang='lat' dir='ltr'><strong>Desprez</strong></span> <span class='ocrx_word' id='word_1_185' title='bbox 650 3167 770 3255; x_wconf 88' lang='lat' dir='ltr'><strong>(Lond.</strong></span> <span class='ocrx_word' id='word_1_186' title='bbox 783 3169 827 3257; x_wconf 88' lang='grc'><strong>8).</strong></span> 
     </span>
    </p>
   </div>
   <div class='ocr_carea' id='block_1_4' title="bbox 196 3318 1240 3627">
    <p class='ocr_par' dir='ltr' id='par_1_6' title="bbox 196 3318 1240 3627">
     <span class='ocr_line' id='line_1_27' title="bbox 243 3318 1240 3408; baseline 0.007 -29"><span class='ocrx_word' id='word_1_187' title='bbox 243 3319 337 3380; x_wconf 77' lang='lat' dir='ltr'><strong>tna.</strong></span> <span class='ocrx_word' id='word_1_188' title='bbox 363 3319 402 3399; x_wconf 86' lang='lat' dir='ltr'><strong>Q.</strong></span> <span class='ocrx_word' id='word_1_189' title='bbox 418 3319 569 3382; x_wconf 77' lang='lat' dir='ltr'><strong>Horau&#39;os</strong></span> <span class='ocrx_word' id='word_1_190' title='bbox 578 3318 723 3382; x_wconf 74' lang='lat' dir='ltr'><strong>Flaccos.</strong></span> <span class='ocrx_word' id='word_1_191' title='bbox 739 3356 773 3368; x_wconf 86' lang='lat'><em>-</em></span> <span class='ocrx_word' id='word_1_192' title='bbox 789 3318 940 3384; x_wconf 88' lang='lat' dir='ltr'><strong>Bentleii.</strong></span> <span class='ocrx_word' id='word_1_193' title='bbox 954 3319 1136 3385; x_wconf 75' lang='lat' dir='ltr'><strong>dmstelod&#39;.</strong></span> <span class='ocrx_word' id='word_1_194' title='bbox 1152 3321 1240 3408; x_wconf 93' lang='lat' dir='ltr'><strong>apud</strong></span> 
     </span>
     <span class='ocr_line' id='line_1_28' title="bbox 196 3427 1057 3504; baseline -0.001 -10"><span class='ocrx_word' id='word_1_195' title='bbox 196 3427 410 3504; x_wconf 83' lang='lat' dir='ltr'><strong>Wetstenios,</strong></span> <span class='ocrx_word' id='word_1_196' title='bbox 428 3430 462 3491; x_wconf 77' lang='lat' dir='ltr'><strong>l.</strong></span> <span class='ocrx_word' id='word_1_197' title='bbox 631 3447 633 3450; x_wconf 88' lang='grc'><strong><em>·</em></strong></span> <span class='ocrx_word' id='word_1_198' title='bbox 1051 3479 1057 3502; x_wconf 84' lang='lat'><strong>,</strong></span> 
     </span>
     <span class='ocr_line' id='line_1_29' title="bbox 223 3535 1106 3627; baseline -0.002 -21"><span class='ocrx_word' id='word_1_199' title='bbox 223 3599 226 3606; x_wconf 91' lang='lat'><strong>.</strong></span> <span class='ocrx_word' id='word_1_200' title='bbox 241 3535 395 3621; x_wconf 79' lang='lat' dir='ltr'><strong>Adjcctus</strong></span> <span class='ocrx_word' id='word_1_201' title='bbox 408 3551 459 3602; x_wconf 89' lang='lat' dir='ltr'><strong>est</strong></span> <span class='ocrx_word' id='word_1_202' title='bbox 471 3535 576 3602; x_wconf 82' lang='lat' dir='ltr'><strong>Index</strong></span> <span class='ocrx_word' id='word_1_203' title='bbox 587 3536 726 3615; x_wconf 87' lang='lat' dir='ltr'><strong>Treteri,</strong></span> <span class='ocrx_word' id='word_1_204' title='bbox 742 3535 850 3602; x_wconf 90' lang='lat' dir='ltr'><strong>studio</strong></span> <span class='ocrx_word' id='word_1_205' title='bbox 863 3539 904 3601; x_wconf 92' lang='lat' dir='ltr'><strong>ls.</strong></span> <span class='ocrx_word' id='word_1_206' title='bbox 920 3537 1106 3627; x_wconf 80' lang='lat' dir='ltr'><strong>Verburgii.</strong></span> 
     </span>
    </p>
   </div>
   <div class='ocr_carea' id='block_1_5' title="bbox 193 3651 1240 3850">
    <p class='ocr_par' dir='ltr' id='par_1_7' title="bbox 193 3651 1240 3850">
     <span class='ocr_line' id='line_1_30' title="bbox 242 3651 1240 3778; baseline 0.01 -41"><span class='ocrx_word' id='word_1_207' title='bbox 242 3715 278 3723; x_wconf 95' lang='lat'>—</span> <span class='ocrx_word' id='word_1_208' title='bbox 290 3677 327 3757; x_wconf 85' lang='lat' dir='ltr'><strong>Q.</strong></span> <span class='ocrx_word' id='word_1_209' title='bbox 343 3677 499 3740; x_wconf 80' lang='lat' dir='ltr'><strong>Horatius</strong></span> <span class='ocrx_word' id='word_1_210' title='bbox 510 3677 659 3752; x_wconf 78' lang='lat' dir='ltr'><strong>Flaccus,</strong></span> <span class='ocrx_word' id='word_1_211' title='bbox 678 3673 720 3739; x_wconf 89' lang='lat' dir='ltr'><strong>ad</strong></span> <span class='ocrx_word' id='word_1_212' title='bbox 735 3651 831 3740; x_wconf 81' lang='lat' dir='ltr'><strong>ttich.</strong></span> <span class='ocrx_word' id='word_1_213' title='bbox 852 3678 959 3743; x_wconf 87' lang='lat' dir='ltr'><strong>Bentl.</strong></span> <span class='ocrx_word' id='word_1_214' title='bbox 981 3678 1034 3778; x_wconf 72' lang='lat' dir='ltr'><strong>ed.</strong></span> <span class='ocrx_word' id='word_1_215' title='bbox 1055 3702 1240 3769; x_wconf 85' lang='lat' dir='ltr'><strong>expressus,</strong></span> 
     </span>
     <span class='ocr_line' id='line_1_31' title="bbox 193 3781 924 3850; baseline 0.004 -3"><span class='ocrx_word' id='word_1_216' title='bbox 193 3803 269 3848; x_wconf 86' lang='lat' dir='ltr'><strong>cum</strong></span> <span class='ocrx_word' id='word_1_217' title='bbox 282 3783 370 3846; x_wconf 86' lang='lat' dir='ltr'><strong>notis</strong></span> <span class='ocrx_word' id='word_1_218' title='bbox 384 3781 501 3847; x_wconf 91' lang='lat' dir='ltr'><strong>Thom.</strong></span> <span class='ocrx_word' id='word_1_219' title='bbox 519 3783 673 3848; x_wconf 89' lang='lat' dir='ltr'><strong>Bentleii.</strong></span> <span class='ocrx_word' id='word_1_220' title='bbox 692 3783 850 3848; x_wconf 82' lang='lat' dir='ltr'><strong>Cantabr.</strong></span> <span class='ocrx_word' id='word_1_221' title='bbox 873 3787 924 3850; x_wconf 80' lang='lat'><strong>12.</strong></span> 
     </span>
    </p>
   </div>
   <div class='ocr_carea' id='block_1_6' title="bbox 208 3927 1237 4110">
    <p class='ocr_par' dir='ltr' id='par_1_8' title="bbox 208 3927 1237 4110">
     <span class='ocr_line' id='line_1_32' title="bbox 242 3927 1237 4016; baseline 0.004 -25"><span class='ocrx_word' id='word_1_222' title='bbox 242 3927 325 4010; x_wconf 78' lang='lat' dir='ltr'><strong>—Q.</strong></span> <span class='ocrx_word' id='word_1_223' title='bbox 331 3929 464 3994; x_wconf 81' lang='lat' dir='ltr'><strong>Horatit&#39;</strong></span> <span class='ocrx_word' id='word_1_224' title='bbox 472 3929 582 3993; x_wconf 80' lang='lat' dir='ltr'><strong>Flacci</strong></span> <span class='ocrx_word' id='word_1_225' title='bbox 591 3929 709 4016; x_wconf 80' lang='lat' dir='ltr'><strong>Opera,</strong></span> <span class='ocrx_word' id='word_1_226' title='bbox 720 3951 799 3994; x_wconf 88' lang='lat' dir='ltr'><strong>cura</strong></span> <span class='ocrx_word' id='word_1_227' title='bbox 808 3931 878 3995; x_wconf 87' lang='lat' dir='ltr'><strong>Jac.</strong></span> <span class='ocrx_word' id='word_1_228' title='bbox 890 3935 1037 3999; x_wconf 88' lang='lat' dir='ltr'><strong>Watsou.</strong></span> <span class='ocrx_word' id='word_1_229' title='bbox 1051 3933 1170 4000; x_wconf 87' lang='lat' dir='ltr'><strong>Edinb.</strong></span> <span class='ocrx_word' id='word_1_230' title='bbox 1187 3936 1237 3998; x_wconf 79' lang='lat'><strong>12.</strong></span> 
     </span>
     <span class='ocr_line' id='line_1_33' title="bbox 208 4067 222 4110; baseline 0 0"><span class='ocrx_word' id='word_1_231' title='bbox 208 4067 222 4110; x_wconf 69' lang='lat' dir='ltr'><strong>t</strong></span> 
     </span>
    </p>
   </div>
   <div class='ocr_carea' id='block_1_7' title="bbox 0 0 1513 4678">
    <p class='ocr_par' dir='ltr' id='par_1_9' title="bbox 0 0 1513 4678">
     <span class='ocr_line' id='line_1_34' title="bbox 0 0 1513 4678; baseline 0 0"><span class='ocrx_word' id='word_1_232' title='bbox 0 0 1513 4678; x_wconf 95' lang='lat' dir='ltr'><strong> </strong></span> 
     </span>
    </p>
   </div>
  </div>
 </body>
</html>
