2994 4684
205 379 211 388 ’
251 385 319 458 130
386 359 396 389 ⁸
621 375 942 444 canosam·

246 517 440 610 quibusdam
472 511 739 578 annotationibus
771 511 1031 604 imaginibusque
1062 512 1291 600 pulcherrimis

245 629 392 719 aptisque
419 621 461 687 ad
482 619 632 688 odarum
660 635 843 686 concentus
869 636 904 686 et
929 622 1120 686 sententias.
1146 627 1185 688 ln
1203 627 1289 691 line:

248 772 263 803 a
278 739 490 818 illaboratum
505 735 766 823 impressumque
783 749 849 814 est,
872 733 938 799 hoc
953 735 1101 822 elegans,
1119 752 1289 818 ornatum,

244 845 466 937 splendidum,
486 858 721 931 comptumque
738 843 866 908 Horatii
879 845 988 909 Flacci
1002 845 1176 926 Venusini,
1196 847 1290 935 lyrici

244 970 343 1044 poete
356 977 452 1043 opus,
469 975 545 1018 cum
556 951 731 1018 utilissimis
745 954 957 1040 argumentis,
968 976 1006 1018 ac
1019 954 1212 1041 imaginibus
1222 959 1293 1045 pul·

245 1064 429 1144 uberrimis,
439 1063 475 1128 in
486 1061 624 1141 celebri,
636 1061 989 1151 libera,imperialique
1000 1063 1083 1128 urbe
1095 1065 1287 1150 Argentini,
1353 1055 1357 1060 ’

244 1197 347 1262 opera
370 1189 403 1238 et
425 1172 580 1260 impensis
602 1171 724 1236 sedulis
745 1195 879 1260 quoque
899 1171 1069 1238 laboribus
1090 1173 1290 1240 Providiviri

244 1280 404 1367 lobannis
412 1278 593 1346 Reinbardi
602 1296 829 1368 cognomento
843 1281 1036 1372 Guminger
1049 1282 1130 1348 civis
1144 1283 1291 1369 ejusdem

241 1389 335 1454 urbis
350 1389 612 1478 Argentinensis,
629 1405 747 1476 quarto
766 1389 840 1454 idus
859 1391 985 1470 Marcii,
1006 1392 1191 1458 absolutum
1206 1415 1289 1472 ¹vero

123 1521 128 1538 ⁸
242 1505 339 1566 Anno
348 1500 820 1566 homininccccxcvln.
834 1527 848 1558 s
863 1488 1001 1565 Curavit
1012 1498 1099 1566 hanc
1109 1499 1291 1566 editionem

241 1609 522 1688 Jacobuslocher,
532 1613 637 1674 Poeta
645 1609 821 1688 laureatus,
835 1607 990 1697 idemque
1003 1609 1178 1676 Prolessor
1189 1612 1292 1699 Gym-

221 1735 223 1742 ’
242 1743 312 1786 nas.
329 1717 482 1807 Friburg.
495 1723 597 1808 'quam
607 1703 684 1806 jure
701 1720 789 1784 inter
805 1720 975 1808 principes
992 1719 1128 1802 referas,
1140 1721 1290 1809 quando-

242 1829 376 1916 quidem
400 1851 472 1893 non
495 1851 537 1892 ex
557 1829 675 1894 ltalicis
700 1829 963 1917 exemplaribus,
989 1829 1050 1894 sed
1074 1852 1093 1894 e
1119 1829 1227 1896 Codd.
1253 1831 1288 1894 in

244 1936 421 2003 Germania
428 1936 723 2024 custoditis,iisque
733 1939 809 2000 satis
818 1937 933 2024 probis
941 1959 1013 2002 eam
1020 1937 1153 2002 ductam
1161 1961 1230 2003 esse
1238 1961 1293 2026 ap-

241 2058 346 2133 paret.
358 2045 822 2132 Epigrmnma'alac.lochsri
830 2046 978 2134 sequitur
989 2045 1135 2134 ejusdem
1142 2049 1291 2136 Epistola

241 2151 442 2219 adCarolum
454 2149 665 2218 Maeuianam
678 2154 860 2234 Baderuem,
871 2155 907 2220 in
921 2177 986 2242 qua
999 2155 1034 2220 in
1045 2156 1290 2221 Germanorum

242 2261 354 2328 laudes
371 2263 506 2328 bellicas
526 2264 652 2350 pariter
671 2285 708 2328 ac
728 2278 853 2350 togatas
870 2264 1085 2353 exspatiatum
1099 2263 1186 2329 banc
1202 2266 1290 2330 exci-

240 2373 338 2462 piunt
362 2374 439 2438 Vita
460 2375 591 2436 Horatii
617 2373 853 2461 compendiosa,
879 2371 946 2438 duo
974 2371 1121 2458 ejusdem
1145 2373 1290 2439 emnam

241 2482 452 2572 (quamquam
461 2483 609 2547 laureato
622 2497 723 2570 poeta
731 2503 848 2569 parum
858 2479 984 2571 digna),
997 2483 1117 2546 Tabula
1125 2490 1289 2547 merorum

239 2607 269 2656 st
281 2591 445 2656 directurus
462 2613 570 2658 vocum
584 2606 612 2655 cc
627 2590 851 2656 sonandarum.
869 2591 1023 2678 Epistolae
1035 2589 1202 2657 Lochcrus
1213 2592 1290 2656 sub-

240 2701 371 2790 scripsit
389 2723 419 2766 a.
442 2703 539 2778 14973
559 2699 648 2766 unde
669 2701 788 2789 passim
812 2698 900 2764 hunc
921 2700 1146 2789 impressionis
1166 2721 1290 2767 annum
1383 2696 1386 2701 ’

239 2813 417 2878 memorari
435 2811 557 2878 videas.
579 2811 731 2877 Afferunt
747 2832 881 2898 quoque
898 2813 1034 2897 Argent.
1054 2827 1083 2876 a.
1101 2813 1198 2890 1499,
1216 2835 1289 2899 quae

239 2945 303 2989 nec
313 2924 382 3012 ipsa
391 2945 410 2988 a
419 2921 671 2994 nostradiversa
679 2919 786 2986 videri
795 2920 907 2985 debet.
920 2920 971 2986 cf.
981 2918 1221 2986 Seemillcrfasc.
1229 2921 1287 2998 lV,

240 3053 274 3119 p.
288 3036 362 3098 101.
374 3033 540 3123 Hupfczuer
548 3030 781 3126 Ilruckstncke
794 3053 851 3094 aus
860 3030 938 3094 dem
947 3032 1018 3102 XV,
1031 3025 1146 3092 Jahrb.
1162 3049 1196 3114 p.
1207 3029 1284 3092 204.

283 3141 409 3210 Eodem
427 3143 492 3208 hoc
507 3163 596 3208 anno
608 3141 755 3208 venetiis
769 3153 885 3227 quater
902 3136 1056 3202 Horatius
1072 3141 1206 3202 recusus
1224 3150 1287 3214 est,

240 3267 275 3314 et
285 3251 438 3338 quidemr

288 3417 323 3427 —
334 3380 374 3461 Q.
387 3381 517 3445 Horatii
528 3379 637 3445 Flacci
648 3379 764 3470 Opera,
777 3399 839 3466 per
852 3377 977 3466 Georg.
993 3378 1211 3456 Arrirabene,
1227 3377 1285 3442 fol.
1303 3425 1311 3432 -

283 3511 464 3587 'Horatius
477 3533 552 3576 cum
564 3527 705 3600 quatuor
717 3509 960 3574 commentariis
970 3509 1124 3588 neronis,
1134 3507 1288 3596 Porphy-

238 3621 354 3703 rionis,
365 3619 508 3686 lllancin.
525 3635 559 3686 et
572 3619 722 3686 landini.
736 3623 776 3685 ln
786 3619 870 3686 fines
886 3649 900 3678 a
912 3617 1040 3684 Horatii
1056 3618 1166 3684 Flacci
1180 3632 1289 3706 poetoe

239 3751 360 3820 opera,
375 3731 521 3799 venetiis
542 3733 718 3820 impressa,
739 3747 827 3798 anno
848 3730 958 3796 saluus
980 3729 1288 3804 MCCCCXCVIII,

238 3841 290 3906 die
303 3845 377 3906 Xlll
392 3839 480 3905 Julii.
497 3870 512 3900 a
567 3893 571 3907 ,
795 3827 797 3834 ’

282 3953 377 4016 Dcm's
391 3951 506 4039 Suppl.
520 3954 595 4014 447.
611 3952 694 4015 Satis
707 3951 805 4016 obvia
816 3949 886 4014 haec
899 3947 1011 4014 editio.
1027 3949 1128 4012 Tum:
