2906 4694
548 499 559 518 Ι.
657 411 723 477 DE
747 411 861 478 VITA

664 587 696 631 u.
716 587 747 656 c.
772 560 852 655 732.

433 730 473 782 m.
488 729 529 783 Cl.
546 727 699 784 Marcellus
712 727 886 784 AEserninus.
904 728 935 781 L.
949 727 1095 782 Aruntius.

550 833 614 880 ante
627 826 658 878 C.
676 841 722 878 aa.
739 823 852 880 Horatii
865 823 970 888 43-44.

287 979 360 1040 Nou
369 974 474 1044 solum
483 976 517 1039 in
526 978 591 1040 fine
602 969 679 1040 anni
689 976 879 1064 superioris,
888 974 946 1039 sed
954 975 1018 1040 hoc
1026 976 1160 1040 ineunte
1169 978 1290 1058 etiam,

243 1106 366 1170 magne
378 1083 503 1146 Tiberis
515 1082 746 1148 inundationes
758 1099 991 1177 memorantur.
1006 1083 1153 1150 Fulmine
1164 1083 1237 1148 ictae
1250 1086 1294 1150 in

205 1181 207 1186 ⁸
243 1190 391 1258 Pantheo
407 1206 529 1256 statue.
543 1193 607 1258 Dio
619 1195 688 1257 Llll
700 1207 782 1258 extr.
797 1195 864 1257 LlV
877 1214 927 1278 pr.
943 1193 1018 1254 llaec
1030 1189 1180 1278 prodigia
1190 1215 1294 1256 occa·
1414 1260 1418 1268 ,

243 1303 369 1366 sionem
381 1299 509 1364 dedisse
518 1300 670 1366 videntur
683 1301 828 1365 Cannin.
839 1305 865 1372 l,
875 1301 910 1377 2,
923 1300 1000 1364 licet
1011 1299 1217 1364 manifestum
1229 1301 1291 1380 sit,

243 1407 494 1473 commemorari
504 1431 574 1474 non
587 1410 640 1472 illa
652 1410 736 1488 sola,
750 1409 808 1474 sed
819 1410 914 1496 plura
925 1407 1020 1472 simul
1032 1407 1108 1487 alia,
1121 1431 1191 1495 quae
1202 1431 1292 1496 prae·

244 1519 426 1584 cessissent.
451 1521 751 1606 Augustumrerum
770 1518 910 1606 potitum
928 1539 1028 1603 quum
1051 1516 1290 1583 commendare

243 1627 341 1692 vellet
356 1643 467 1716 poeta,
482 1644 637 1716 tauquam
650 1650 736 1708 eum,
749 1627 805 1714 qui
818 1627 1066 1714 rempublicam,
1078 1627 1172 1692 bellis
1184 1627 1292 1691 cirili-

242 1737 304 1801 bus
314 1741 485 1821 jactatam,
498 1739 667 1813 restiturus
678 1752 775 1814 esset;
790 1737 876 1802 bella
890 1751 996 1800 autem
1008 1736 1115 1812 civilia
1125 1735 1289 1802 declarari

242 1853 389 1916 solerent
400 1875 461 1943 per
473 1855 558 1939 ἄγος,
572 1851 661 1939 quod
674 1853 858 1941 expiatione
871 1851 1045 1938 indigeret,
1056 1853 1195 1940 denique
1207 1876 1290 1940 pro-

244 1963 330 2050 digia
347 1985 366 2026 a
383 1963 485 2050 longo
503 1965 581 2030 inde
597 1982 746 2052 tempore
765 1965 930 2032 civitatem
947 1953 1034 2051 ἐνάγῆ
1051 1981 1085 2029 et
1099 1966 1287 2054 expiatione

245 2085 397 2158 egentem
417 2073 636 2139 indicassent:
658 2077 836 2159 Augustum
851 2097 932 2139 eum·
942 2097 1011 2139 esse
1030 2089 1214 2160 auguratur,
1228 2076 1288 2162 qui

243 2185 423 2276 καθαρμοῖς,
448 2181 687 2270 expiationibus
703 2165 870 2267 publicis,
895 2183 1130 2270 rempublicam
1155 2181 1287 2269 piaculo

245 2297 412 2362 eximeret.
434 2289 606 2377 inquibus
625 2287 830 2352 redeundum
848 2303 897 2353 est
912 2289 954 2352 ad
970 2291 1124 2353 notiones
1135 2303 1286 2354 veteram

246 2389 290 2470 dl
307 2399 526 2465 calamitatum
538 2393 743 2483 publicarum
754 2417 848 2460 causa
860 2396 902 2458 ab
914 2395 960 2458 ira
969 2399 1115 2459 Deorum
1131 2397 1285 2483 repetita,

246 2533 285 2576 ex
298 2521 462 2594 concepto
472 2502 614 2591 piaculo,
626 2517 659 2566 et
670 2501 711 2565 de
723 2502 915 2566 necessitate
928 2502 1157 2588 expiationum.
1173 2503 1284 2580 Plura,

244 2637 458 2708 quecermen
470 2611 555 2677 adh.
566 2634 595 2675 a.
608 2610 731 2675 referre
743 2611 911 2712 suadeant,
927 2611 962 2682 in
971 2611 1068 2676 Obss.
1084 2611 1279 2674 monuimus.

177 2748 186 2764 ⁶
289 2705 473 2810 Conjuranl
491 2723 525 2785 in
544 2724 721 2806 Augustum
740 2720 879 2784 Licinius
889 2723 993 2784 Varro
1006 2723 1146 2784 Murena
1160 2724 1286 2784 etFan-

245 2835 317 2900 nius
328 2831 450 2919 Caepio.
462 2831 622 2914 Augentus
633 2826 667 2888 in
680 2826 822 2890 Siciliam
833 2827 900 2890 abit
911 2827 987 2912 (Dio
998 2829 1077 2904 LIV,
1090 2827 1138 2916 6);
1151 2827 1238 2892 unde
1248 2828 1284 2891 in

244 2941 381 3007 Parthos
402 2937 607 3028 profecturus
625 2929 767 3021 putatur.
791 2933 904 2998 Paullo
921 2951 996 2998 ante
1012 2933 1096 2998 banc
1109 2935 1284 3022 profectio-

244 3073 321 3116 nem
332 3044 594 3138 scriptapidetur
606 3043 706 3130 Epist.
721 3045 748 3120 1,
764 3047 793 3106 9.
913 3109 916 3116 ,

667 3257 700 3301 u.
725 3257 755 3301 e.
779 3233 857 3327 733.

504 3387 674 3440 utentes.
692 3389 727 3455 Q.
743 3385 872 3440 AEmilius
886 3385 1015 3460 Lepidus.

554 3495 618 3540 ante
632 3484 662 3538 C.
679 3501 726 3540 ar.
742 3482 854 3539 Horatii
869 3482 972 3548 44-45.

291 3651 420 3738 Scripta
440 3647 505 3712 boc
526 3671 613 3715 anno
634 3649 735 3738 Epist.
751 3653 781 3726 1,
799 3651 852 3712 20.
874 3653 1033 3734 Augustus
1052 3647 1085 3712 in
1106 3647 1281 3724 Graeciam,

173 3844 175 3850 Ι
247 3757 326 3822 hinc
339 3757 373 3822 in
388 3759 520 3822 Samum
538 3757 685 3840 navigat,
698 3757 807 3844 ibique
819 3756 950 3821 hiemat.
973 3756 1080 3820 Medio
1099 3737 1187 3818 anno
1206 3754 1284 3822 scri·

247 3883 339 3954 ptum
352 3867 391 3929 C.
405 3867 461 3940 lll,
475 3865 516 3928 29
530 3863 571 3927 ad
583 3867 803 3940 Maecenatem,
812 3865 946 3931 absente
957 3867 1100 3952 Augusto
1110 3864 1192 3930 Urbi
1202 3885 1282 3950 praa·

247 3974 379 4038 fectum.
401 3975 482 4036 Item
493 3971 615 4036 reseras
635 3970 698 4036 huc
713 3974 751 4037 C.
766 3977 811 4050 ll,
828 3975 865 4048 1,3
885 3973 975 4060 quod
994 3995 1081 4036 anno
1099 3986 1174 4034 ante
1187 3971 1280 4045 lll,8

247 4082 403 4168 scripturn
416 4103 497 4154 esse,
510 4095 637 4144 constat
649 4103 687 4144 ex
701 4080 794 4165 hujus
806 4105 837 4144 v.
855 4087 884 4146 9.
