2906 4694
633 329 699 396 DE
721 325 929 394 HOR'ATH

417 628 421 652 f
534 527 1055 622 cooracsrtcorrsu.¹

311 717 482 790 Delectum
511 715 625 798 habuit
654 711 810 779 Combius
839 709 946 776 Codd.
972 709 1242 786 Harleianorum‚
1267 710 1304 774 in

264 831 375 890 Museo
391 824 579 888 Britannico
591 821 850 900 adservatorum‚
870 843 910 884 ex
926 820 1028 906 iisque
1047 832 1221 922 sequentes
1234 841 1304 883 me-

174 999 177 1006 ,
263 935 353 1000 lioris
363 947 448 998 notae
459 931 561 996 libros
574 929 733 1007 adhibuit,
743 929 787 992 ita
799 928 841 992 ab
854 949 895 992 eo
907 925 1092 1012 designatos

506 1060 885 1137 semema

504 1159 917 1246 s-ms-nt

504 1277 950 1354 o-ma-na

504 1387 913 1464 o-me-m.

328 1497 936 1573 .=¹e-aee-xt

504 1597 951 1678 a-ma-ws

505 1711 930 1788 c-ma-fflr

264 1843 449 1907 Editionem
467 1841 599 1928 insuper
615 1829 811 1928 principem,
824 1841 859 1904 in
871 1838 1075 1905 Bibliotheca
1091 1840 1188 1927 Regia
1200 1861 1305 1904 asser·

265 1966 383 2028 vatam,
397 1947 548 2036 perlegit,
562 1964 595 2012 et
606 1949 766 2014 lectiones
777 1949 881 2014 varias
893 1949 970 2014 inde
982 1949 1138 2014 enotavit.

458 2148 605 2212 CODD.
631 2149 728 2213 Jos.
754 2149 848 2214 NIC.
873 2150 935 2211 DE
959 2149 1111 2212 Azitta.

309 2325 476 2391 Interioris
496 2339 582 2392 notae
606 2323 713 2416 Codd.
739 2325 880 2412 aliquot,
906 2325 947 2390 ad
970 2349 1052 2412 quos
1074 2340 1197 2388 textum
1221 2325 1307 2412 typis

140 2433 143 2436 ’
199 2431 204 2444 “
265 2431 464 2497 Bodonianis
494 2430 743 2517 exprimendum
770 2427 935 2516 erigeret,
960 2432 1001 2496 ad
1028 2455 1160 2527 manuos
1188 2431 1306 2496 habuit

267 2544 372 2626 Eques
393 2539 636 2617 illustrissimus,
658 2563 676 2603 e
692 2537 892 2606 bibliotheca
910 2543 1105 2630 amplissima
1123 2541 1306 2630 eademque
1353 2538 1356 2544 ’

265 2646 438 2740 lectissima
450 2631 601 2712 Chisiana
612 2647 822 2735 depromtos3
836 2653 970 2739 quinque
982 2652 1136 2716 nimirum
1152 2653 1305 2730 Odorem,
1369 2693 1370 2696 =

264 2771 321 2820 tres
332 2759 559 2844 Epistolarem‚
572 2758 664 2834 Artis
672 2759 802 2843 poetice
821 2773 854 2821 et
870 2760 1058 2836 Sermonem,
1077 2780 1219 2845 quoram
1238 2757 1306 2824 duo

266 2890 307 2930 ex
325 2865 443 2930 eodem
463 2865 614 2929 thesauro
634 2887 823 2929 accessere:
843 2868 975 2930 tertium
996 2865 1167 2930 Zeladiana
1186 2866 1311 2932 Biblio-

267 2973 361 3037 theca
378 2971 515 3036 suffecit.
538 2972 728 3050 Lectiones,
748 2995 826 3059 quas
843 2974 878 3037 in
897 2975 934 3038 iis
953 2973 1191 3061 deprehendit,
1206 2976 1310 3058 ¹scitas

266 3083 443 3170 doctosque
460 3083 547 3148 idem
563 3099 659 3146 vocat
672 3083 706 3146 in
720 3081 924 3160 doctissime,
940 3082 1170 3170 eleganterque
1186 3085 1312 3171 scripta

140 3252 142 3258 ,
266 3192 394 3256 Praefat.
412 3215 446 3279 p.
466 3196 514 3267 X,
532 3208 568 3255 ut
584 3190 666 3255 adeo
683 3190 905 3278 maximopere
922 3190 1101 3256 dolendum
1117 3192 1178 3270 sit,
1197 3193 1312 3258 lectio·

268 3319 347 3361 num
367 3299 611 3386 exquisitiorum
630 3299 778 3362 silvulam
802 3297 837 3360 in
861 3297 949 3362 ealce
968 3298 1044 3361 libri
1062 3321 1131 3362 non
1149 3297 1311 3382 adjectam

268 3404 373 3470 fuisse.

403 3565 480 3625 ,‹
574 3536 991 3601 mmonfflm.

289 3707 295 3714 “
313 3716 461 3796 Quatuor
476 3709 582 3776 Codd.
599 3714 685 3778 MSS.
701 3713 1032 3800 Argentoratcnsib'us
1047 3735 1121 3776 usus
1136 3726 1185 3776 ost
1198 3711 1310 3778 Ober-

163 3845 170 3852 ·
267 3822 368 3898 linus,
381 3821 432 3884 vir
444 3819 649 3885 humanitatis
663 3824 784 3910 pariter
802 3840 898 3910 atque
915 3822 1132 3910 exquisitioris
1150 3821 1314 3888 doctrinm

269 3927 362 3994 laude
377 3929 638 4009 florentissimus,
656 3955 673 3996 e
688 3933 804 4020 quibus
817 3934 851 3996 in
867 3955 958 3996 usum
976 3933 1107 3996 critices
1127 3929 1314 3996 extantiora
