2994 4684
273 421 336 464 tan
636 389 702 455 DE
725 387 930 456 HORATII

267 531 388 616 chem)
404 551 437 615 p.
454 530 531 605 222,
548 525 606 591 sed
621 527 742 591 Patavii
758 525 879 590 nomen
894 523 1018 612 liquido
1032 543 1220 611 expressum
1232 541 1300 584 nte-

266 651 371 702 morat
384 635 467 700 Bibl.
483 635 643 700 llulsiana.
659 635 732 702 Vid.
743 637 914 721 ngniclt.
924 637 1070 721 chtrage
1086 649 1110 696 t.
1122 636 1162 711 ll,
1173 655 1206 719 p.
1222 632 1298 706 t023

269 745 348 808 Orat
364 759 492 832 typogr.
507 745 708 816 Denkmaler
723 765 762 808 zu
776 743 913 810 Nenstilt
925 745 959 808 in
969 744 1058 808 Tirol
1071 765 1128 807 aus
1138 741 1216 806 dem
1227 744 1297 818 XV,

266 854 379 919 Jahrh.
396 879 429 943 p.
446 857 520 919 233.

312 999 405 1062 1482.
432 1001 471 1090 Q.
484 1001 730 1066 Horatiinzcci
738 1002 853 1090 Opera,
867 1021 941 1064 cum
955 1000 1193 1065 commentariis
1207 999 1300 1064 Chri·

265 1105 413 1192 stophori
426 1106 562 1192 Landini
575 1109 762 1187 Florentiae3
778 1115 791 1173 l
796 1158 805 1189 ‚
817 1110 874 1174 fol.

310 1229 468 1299 Praecedit
484 1231 600 1320 Angeli
618 1231 770 1296 Politiaui
788 1231 861 1298 Ode
880 1231 922 1295 ad
939 1229 1112 1295 Horatium
1130 1229 1294 1294 Flaccum.

266 1337 355 1402 llanc
372 1339 490 1428 excipit
508 1341 588 1404 Chr.
608 1339 743 1405 Laudini
762 1341 898 1429 epistola
915 1339 1155 1427 nuncupatoria
1173 1335 1214 1402 ad
1228 1337 1299 1402 illu-

263 1447 453 1514 strissimum
468 1449 657 1516 Gnidouem
672 1450 841 1530 Feltrium,
860 1470 1013 1536 magnum
1031 1437 1180 1514 Federici
1197 1447 1299 1511 Ducis

263 1555 372 1619 lilium.
388 1557 521 1621 Tabula.
542 1557 692 1623 Praefatio
715 1579 789 1622 cum
812 1557 926 1622 titulo:
947 1555 1026 1622 Chr.
1045 1555 1181 1621 Landini
1200 1557 1234 1620 in
1252 1557 1295 1638 Q.

265 1665 388 1728 Horatii
399 1665 508 1730 Flacci
518 1667 663 1732 carmina
675 1666 961 1753 interpretationes
973 1665 1132 1752 incipiunt
1142 1665 1294 1728 feliciter.

263 1777 301 1836 ln
313 1775 377 1839 fine
388 1800 396 1837 ε
411 1775 491 1839 Chr.
505 1775 644 1840 Laudini
652 1776 834 1841 Florentini
846 1775 880 1840 in
891 1779 933 1858 Q.
945 1773 1070 1838 Horatii
1080 1773 1184 1838 Flacci
1197 1795 1300 1859 opera

235 1964 239 1972 Ι
265 1881 374 1944 omnia
391 1881 698 1968 interpretationum
714 1885 786 1948 linis
800 1883 913 1948 divino
930 1883 1048 1946 auxilio
1059 1881 1147 1946 felix'.
1161 1885 1301 1968 lmpres·

264 2008 334 2051 sum
355 2010 415 2072 per
436 1991 613 2054 Antonium
635 1991 862 2057 Miscominum
883 1990 1055 2055 Florentioe
1076 1993 1171 2054 Anno
1190 1989 1300 2054 salutis

264 2095 498 2173 ltlcochmn,
510 2099 606 2161 nonis
618 2101 761 2186 Augusti.
773 2105 897 2164 Errata.
907 2099 990 2166 Cum
999 2098 1154 2163 foliorum
1160 2121 1298 2162 numero

161 2188 166 2194 ’
263 2203 296 2266 in
309 2218 402 2289 parte
414 2203 562 2270 inferiori
573 2208 774 2294 paginarum.
785 2211 891 2274 Matr.
905 2231 939 2296 p.
955 2209 1031 2286 4333
1041 2207 1213 2296 ortmdip.
1224 2209 1298 2284 ¹323

262 2314 382 2376 Prirellr'
397 2317 442 2392 ll,
461 2335 495 2400 p.
512 2317 593 2392 3263
613 2321 735 2382 Debere
751 2319 837 2384 Bibl.
856 2319 949 2383 instr.
967 2341 1003 2406 p.
1026 2319 1103 2394 3173
1120 2317 1302 2407 Aadifflodt

182 2437 185 2444 ’
262 2443 296 2508 p.
318 2423 399 2499 29ος
417 2426 582 2490 Μίιιανιὶἱὶ
603 2427 705 2492 Catal.
731 2426 837 2493 Codd.
864 2429 948 2492 Bibl.
974 2427 1126 2492 Murianas
1144 2426 1296 2514 Append.

224 2551 228 2556 ’
261 2553 296 2616 p.
309 2531 387 2607 2013
400 2537 493 2598 Fors.
507 2537 578 2600 Cat.
589 2537 673 2600 Bibl.
689 2537 877 2622 Magliabeo.
890 2561 923 2624 p.
934 2539 1296 2624 8033Poernerl,p.lll.

263 2640 422 2728 Princeps
439 2643 508 2708 haec
526 2644 640 2723 editio,
658 2647 692 2710 in
711 2669 773 2733 qua
789 2647 927 2712 Laudini
942 2647 1229 2735 interpretationes
1246 2646 1301 2710 ad-

257 2754 380 2837 junctae
393 2770 480 2834 sunt,
494 2758 641 2820 certatim
654 2757 809 2846 deinceps
822 2781 985 2847 expressa.

308 2941 344 2952 „-
356 2905 395 2986 Q.
410 2907 540 2972 Horatii
549 2911 658 2973 Flacci
667 2911 782 2998 Opera,
799 2933 874 2974 cum
889 2909 968 2976 Chr.
985 2909 1122 2974 landini
1139 2909 1300 2996 interpre-

262 3013 396 3078 tatione.
410 3017 570 3096 VenetiiS,
586 3017 642 3082 sol.
1010 3031 1013 3038 '

303 3135 440 3200 Lanuini
459 3137 637 3203 editionem
656 3139 878 3206 Florentinum
895 3139 1039 3205 Venetiis
1059 3162 1099 3204 eo
1121 3139 1192 3226 ipso
1211 3161 1300 3202 anuo

262 3245 432 3328 repetitam
453 3247 563 3334 utique
584 3248 723 3314 mireris.
746 3254 922 3336 Utramque
946 3263 1053 3311 autem
1074 3245 1176 3324 hanc,
1198 3267 1241 3308 ne
1265 3245 1299 3308 in

261 3348 337 3412 loco
356 3373 504 3417 errorem
522 3355 641 3422 factum
662 3358 848 3445 suspiceris,
869 3356 979 3421 laudat
996 3359 1126 3420 ormont
1139 3355 1297 3418 Dictionn.

219 3518 221 3525 .
262 3471 381 3546 typogr.
403 3482 437 3548 p.
458 3463 533 3542 358,
551 3481 584 3530 et
604 3465 751 3554 possidet
772 3464 977 3530 Bibliotheca
993 3463 1186 3554 Principalis
1205 3466 1300 3526 Fura-

262 3565 429 3656 tenbergia
447 3576 557 3660 Pragoe
576 3591 748 3642 asservata.
767 3575 841 3642 Vid.
854 3577 1026 3661 Hr'rschriag
1040 3575 1214 3640 Berclmib.
1230 3595 1298 3636 von

262 3675 416 3743 Biblioth.
431 3679 539 3746 Addit.
555 3684 597 3748 ad
609 3701 632 3748 t.
646 3689 704 3765 lll,
716 3710 750 3774 p.
767 3687 841 3749 316.

308 3863 344 3874 «-
356 3827 396 3906 Q.
410 3829 537 3893 Horatti'
545 3833 652 3898 Flacci
662 3837 875 3921 Epistularum
887 3833 983 3900 libcr.
999 3835 1123 3924 Lipsioe,
1140 3836 1172 3897 4.
1233 3825 1235 3836 '

305 3955 414 4017 Exstat
427 3955 461 4018 in
474 3955 555 4020 bibl.
571 3959 705 4024 Comitis
718 3961 906 4028 solmensis.
