2994 4684
281 399 345 478 158
645 393 712 466 llll
736 389 944 468 florian

319 533 484 624 Quicquid
504 531 574 598 fera
595 525 700 621 intpp.
725 537 839 599 Horat.
863 533 1028 613 exstabat,
1053 557 1071 600 e
1093 537 1202 602 setall
1221 537 1312 602 iatius

276 669 367 713 more
379 647 414 710 in
426 644 510 708 luno
523 637 602 708 edit.
620 633 774 708 collatum
790 657 850 708 eat.
874 647 912 708 ln
926 659 1018 709 textu
1031 643 1224 730 refingeudo
1241 667 1313 712 non

274 755 410 844 amplius
423 749 655 827 laborabatur3
676 751 752 816 aetia
766 751 880 816 habuit
897 751 1018 830 editor,
1039 751 1238 818 anteriorem
1257 754 1314 818 ali·

274 885 384 952 quam,
399 857 599 930 hauddubie
613 859 1025 946 Venetam,preloiterutn
1042 857 1219 944 subjicere.
1230 859 1315 947 'rhy-

273 970 345 1038 laaii
354 985 440 1035 notae
450 967 549 1058 paulo
558 981 635 1033 anta
645 963 851 1055 prodieram,
862 969 1097 1034 cumlemmate
1111 994 1119 1032 :
1136 997 1151 1028 ι
1164 971 1203 1034 l.
1216 970 1310 1059 Thyl.

273 1079 309 1143 in
322 1075 412 1145 Odas
424 1079 467 1161 Q.
484 1079 524 1140 H.
538 1075 587 1139 Fl.
602 1073 743 1162 auspicia
754 1073 795 1139 ad
801 1077 1010 1160 juventutem
1022 1079 1202 1142 Romanam
1216 1105 1231 1136 ι
1246 1077 1311 1144 eal.

273 1202 308 1252 et
319 1209 349 1252 a.
367 1189 399 1250 4.

320 1347 358 1362 .„
369 1314 434 1396 Q.
450 1308 579 1376 Homtii
589 1309 877 1374 FiaaaiPoamata.
891 1311 1169 1376 Hatiomenaanm
1173 1313 1316 1401 ‚quibua

274 1418 514 1505 Odaeejusdam
528 1432 634 1522 poeta.
648 1427 815 1482 tenentur.
831 1419 1073 1484 Centimetrum
1089 1419 1181 1484 Maru
1193 1418 1313 1486 servu
1366 1495 1368 1498 ¹
1485 1403 1487 1410 '

272 1529 377 1596 Vama
387 1527 549 1593 lectiones
558 1545 600 1590 ex
611 1537 774 1588 vetustiss
787 1523 968 1590 aodioibua.
981 1507 1125 1606 Parisiis,
1136 1527 1316 1594 exofficina

273 1637 412 1704 Robarti
422 1633 593 1723 Stephani,
601 1630 720 1697 vnld.
739 1609 825 1711 Maii,
839 1635 870 1697 8.
941 1639 985 1724 0

316 1749 421 1810 Maitt.
439 1747 496 1822 111,
511 1743 585 1806 372.
601 1743 722 1806 Piaalii
739 1745 768 1806 ll
777 1787 786 1820 ‚
802 1741 876 1805 326.
891 1741 1003 1808 Varias
1017 1743 1176 1808 lectiones
1187 1765 1257 1808 non
1274 1763 1315 1808 ex
1390 1793 1395 1802 .

273 1849 491 1918 anterioribus
503 1845 581 1914 edd.
599 1847 659 1912 sed
671 1869 750 1913 vere
764 1869 783 1912 e
797 1844 905 1914 Codd.
920 1847 1111 1936 etquidem,
1123 1849 1315 1929 utvidetur,

274 1961 392 2026 Italicis
406 1959 534 2024 haustas
546 1977 616 2022 ease
629 1971 777 2045 apparet.
1122 1947 1126 1954 ’

322 2141 356 2150 -
373 2105 413 2186 Q.
427 2101 555 2164 Horatii
568 2100 682 2164 Flacci
692 2100 808 2188 Opera,
820 2121 895 2164 cum
910 2101 1001 2166 notia
1012 2124 1073 2190 per
1091 2105 1226 2168 Petrum
1244 2103 1314 2170 Cri·

272 2213 389 2276 nitum.
407 2207 613 2295 antwerpiae,
629 2209 660 2271 8.

317 2317 441 2402 Daagl.
456 2337 489 2402 p.
507 2319 537 2378 5.

320 2493 355 2504 -
372 2458 411 2538 Q.
426 2455 555 2518 Horatii
566 2452 679 2518 Flacci
691 2453 807 2540 Opera,
822 2450 1086 2520 doctissimorum
1102 2455 1249 2522 virorum
1266 2457 1314 2524 di-

272 2564 406 2652 ligantia
419 2559 605 2648 recognita.
616 2559 769 2646 Friburg.
786 2560 817 2622 8.

172 2763 175 2775 .
320 2751 356 2760 -
368 2708 648 2798 Haratai'lipittala
656 2707 691 2772 da
701 2710 780 2772 Arta
786 2708 923 2794 poetica,
935 2728 1010 2770 cum
1022 2707 1150 2774 tasonis
1157 2707 1201 2776 de
1211 2713 1317 2776 Norae

272 2819 387 2911 Cyprii
399 2838 440 2885 ex
456 2813 654 2906 φιοιιιιιιιιι
668 2811 857 2902 Tryphonis
870 2813 1023 2888 Cabrialii
1041 2816 1248 2884 sermonibus
1266 2817 1316 2884 in·

171 2923 176 2932 ⁵
272 2929 521 3019 ter-pretatione.
535 2924 679 3005 Parisii,
692 2923 779 3014 apud
790 2922 904 2990 Hatdr.
917 2923 1037 3006 David,
1048 2927 1079 2990 8.-

317 3039 368 3106 ct
387 3063 415 3104 a.
435 3036 530 3104 1553.
547 3037 716 3102 necuit.
736 3020 829 3098 tati.

321 3189 415 3250 1545.
442 3185 504 3266 *Q.
531 3183 658 3248 Horatii
677 3183 791 3248 Flacci
812 3173 962 3248 Venaaaiii
981 3183 1084 3272 Opem
1101 3221 1137 3231 -
1158 3184 1316 3264 anitun

274 3291 561 3360 commentaria-
580 3294 650 3376 jam
667 3289 778 3356 denuo
797 3291 949 3378 emtigata
969 3289 1173 3372 addidimus,
1193 3315 1315 3381 nempe

273 3400 412 3466 aaronis
426 3413 460 3463 et
470 3397 723 3487 Porphyrionis,
736 3399 813 3465 item
826 3399 1064 3464 annotationes.
1078 3437 1114 3447 -
1126 3401 1168 3465 H.·
1182 3401 1317 3465 Glarea-

203 3555 206 3562 ·
234 3499 238 3507 ¹
275 3510 328 3589 ni,
346 3509 471 3574 Hraami
483 3511 559 3573 Hot.
580 3505 692 3572 Matth.
710 3507 857 3572 Boniinia
867 3555 876 3587 ,
893 3507 968 3574 lidi
986 3508 1119 3574 Manutii
1130 3556 1139 3588 ,
1152 3511 1188 3574 L.
1204 3509 1315 3588 Caelii,

273 3621 312 3684 A.
324 3615 490 3694 Politiani,
501 3619 544 3680 ll.
560 3617 636 3680 Ant.
650 3614 764 3680 Cooeii
776 3615 941 3695 sabellini,
952 3617 1005 3682 Jo.
1018 3619 1112 3705 liapt.
1125 3615 1188 3695 Pii,
1199 3615 1318 3680 Jacobi

273 3727 411 3792 aCruce
423 3727 555 3790 Bonan.
570 3723 676 3790 Servii
688 3726 913 3807 Grammatici,
923 3727 1014 3792 Petri
1027 3726 1159 3793 Criniti.
1172 3729 1211 3792 ln
1227 3727 1292 3791 line
1305 3743 1315 3789 t

176 3825 178 3830 ¹
276 3867 289 3900 ι
310 3833 443 3905 Basileae
461 3855 523 3922 per
543 3831 744 3900 Henriohum
763 3839 918 3913 Petrtnn,
938 3857 1051 3902 menae
1071 3833 1207 3914 Martio,
1227 3853 1316 3898 anno

274 3949 315 4010 ll.
326 3948 368 4009 D.
379 3945 474 4008 XLV·
489 3971 502 4000 a
517 3941 575 4004 fol.
