2994 4684
531 297 878 448 summumne
1160 354 1227 453 139
1346 351 1347 362 ‘

180 494 216 550 et
229 477 343 564 liguris
359 499 469 566 nuper
484 477 615 561 additis,
631 482 782 571 impress.
799 485 945 552 venetiis
961 508 1022 574 pen
1037 488 1226 580 Philippum

179 587 332 664 Pincium
343 591 552 654 Mantuanum
564 611 653 656 anno
668 595 777 660 MDIX
784 639 793 674 ,
809 591 862 660 die
874 599 947 663 XVI
961 597 1052 679 Maii,
1064 599 1122 666 fol.

223 701 386 786 Expressa
400 719 441 763 ex
454 697 507 763 ed.
523 721 542 764 a
556 702 652 765 1492.

225 838 239 866 *
250 839 290 920 Q.
315 838 445 942 Hogutt'i
460 822 570 903 thcci
587 841 752 921 Poemote,
769 843 804 908 in
822 844 942 934 quibus
956 846 1059 912 multa
1074 849 1227 920 correcta

179 961 274 1026 eunt,
295 959 330 1010 et
345 947 568 1024 institutiones
584 950 649 1015 suis
666 951 748 1017 locis
762 954 893 1041 positae,
912 957 1226 1023 commentariorum

180 1053 426 1142 quodammodo
444 1056 516 1126 vioe
537 1057 728 1146 funguntur.
753 1099 788 1110 -
808 1062 1021 1150 Undeviginti
1041 1082 1227 1132 metrorum

179 1186 318 1252 genere,
329 1180 363 1248 et
376 1189 527 1254 quaenam
540 1169 623 1248 sint,
636 1184 699 1235 ete
714 1171 833 1259 quibus
848 1189 1005 1240 constent
1015 1175 1155 1264 pedibus
1162 1225 1172 1256 ,
1191 1191 1227 1242 et

180 1289 255 1348 ante
271 1275 429 1342 volumen
448 1277 545 1342 simul
559 1277 739 1360 habentur,
759 1297 792 1346 et
811 1282 899 1346 intus
919 1283 955 1347 in
973 1284 1139 1350 volumine
1160 1285 1227 1350 suis
1324 1312 1328 1320 ¹

178 1385 271 1469 locis.
286 1424 323 1434 -
340 1386 579 1474 Adnotationee
595 1389 765 1454 nonnullae
783 1390 818 1454 in
834 1405 906 1456 toto
919 1412 1040 1478 opere,
1054 1391 1226 1480 inquibus

179 1495 231 1562 vel
250 1495 372 1584 aliquid
390 1495 586 1566 mutandum
607 1496 807 1580 ostenditur,
825 1501 879 1565 vel
899 1523 959 1566 cur
979 1513 1140 1564 mutatum
1162 1501 1203 1566 sit
1214 1549 1224 1581 ‚
1331 1514 1338 1538 '-

179 1604 261 1686 ratio
273 1603 437 1673 redditur.
451 1608 492 1673 ln
503 1605 569 1670 fine
584 1629 592 1668 ε
610 1633 624 1663 ι
636 1605 783 1673 Venetiis
794 1605 883 1694 apud
893 1605 1014 1672 Aldum
1025 1609 1224 1686 Romanum,

179 1735 291 1791 mense
304 1713 433 1786 Martio,
448 1717 601 1788 tto-tx·
616 1742 632 1786 e,
649 1716 680 1778 8.

220 1822 326 1887 Multo
336 1809 596 1890 emendatiorem
607 1823 743 1911 quidem
753 1824 840 1890 hanc
852 1823 1031 1892 secundam
1044 1825 1224 1900 editionem

178 1929 415 2018 melioremque
432 1930 546 2018 priore
560 1944 636 2005 anto
648 1933 708 2004 vll
722 1953 829 2003 annos
848 1947 962 1999 curata
976 1933 1012 2001 in
1027 1932 1175 2022 Epistola
1185 1929 1231 2002 ad

176 2035 340 2128 Jeyiedum
353 2039 499 2104 Carvium
509 2043 570 2104 let.
580 2041 684 2126 jactat
695 2040 797 2106 aldus
808 2066 817 2119 3
833 2042 860 2106 si
870 2057 981 2109 tamen
993 2043 1085 2122 loca,
1098 2041 1224 2130 abipso

177 2149 268 2226 inter
280 2148 511 2236 corrigendum
523 2164 638 2216 notata
657 2163 690 2214 et
704 2149 758 2215 isti
774 2149 920 2240 epistolae
932 2151 1106 2238 subjuncta
1118 2149 1225 2224 consi-

90 2247 97 2254 ’
177 2255 295 2337 dores,
315 2258 409 2346 parvi
426 2259 538 2346 utique
557 2261 718 2326 momenti
738 2260 894 2326 habenda
915 2246 1015 2342 sunt,
1036 2283 1108 2349 qum
1128 2281 1224 2326 nove

175 2365 251 2448 huic
264 2365 401 2444 editioni
417 2389 598 2436 accessere.
613 2367 667 2432 Sic
682 2391 715 2433 v.
738 2389 768 2432 c.
785 2369 893 2457 Epod.
911 2371 1019 2448 XVII,
1037 2368 1078 2446 52
1087 2415 1096 2447 ‚
1112 2365 1222 2444 exilii,

175 2498 245 2558 uon
256 2473 350 2554 exiles
361 2475 645 2572 pronuntiandum
656 2493 823 2544 monetur.

161 2612 163 2617 ·
221 2624 316 2688 1510.
345 2623 386 2703 Q.
403 2623 535 2702 Horace
550 2623 662 2688 uoce
678 2625 895 2713 Epirotarum
911 2625 998 2688 ouer.
1015 2601 1149 2710 upsiae,
1162 2637 1224 2706 per

174 2731 398 2801 Baccalarium
408 2731 641 2819 wolfgangum
654 2737 899 2800 Monacensem.
921 2736 953 2797 4.

214 2843 324 2908 Leiclt.
339 2865 374 2931 p.
392 2843 445 2906 89.
461 2843 613 2929 Repetite
625 2867 666 2910 ex
678 2843 732 2908 ed.
747 2867 776 2908 a.
795 2847 891 2909 1508.

215 2985 310 3048 1511:
321 2965 1225 3074 Q.HoraciiFlacciOpera,cumMeucinellietJod.Badii

172 3084 1225 3180 Ascensiicommentariis.venundanturParrhisiisinvicodivi

171 3199 292 3265 Jacobi
310 3199 350 3264 ab
362 3199 491 3264 Joanne
505 3203 615 3264 Parvo
627 3197 789 3286 Dionysio
803 3203 894 3264 Roce
907 3215 941 3265 et
959 3199 1031 3288 ipso
1050 3189 1219 3262 Ascensio.

170 3313 211 3375 ln
223 3309 290 3372 fine
301 3307 365 3372 Od.
378 3305 538 3395 etEpod=
555 3307 695 3370 cllabes
705 3306 815 3394 itaque
824 3306 931 3372 lector
942 3309 985 3392 Q,
999 3309 1040 3370 Η.
1056 3301 1104 3368 Fi.
1119 3301 1222 3386 Odes,

168 3415 315 3507 Epodon
329 3431 362 3482 et
373 3415 522 3492 seculare
535 3437 671 3482 carmen
689 3437 764 3481 cum
781 3415 906 3505 duplici
922 3415 1161 3482 commentario
1174 3414 1223 3480 di·

166 3527 310 3614 ligenter
321 3527 533 3591 accuratione
544 3526 745 3590 ascensiana
756 3548 870 3592 rursus
882 3525 1041 3614 impressa
1055 3523 1098 3588 ad
1115 3545 1222 3590 nonas

168 3635 339 3724 Septemb.
352 3639 473 3700 MDXl.
489 3663 503 3694 s
519 3633 571 3699 Ad
583 3635 708 3700 calcem
720 3635 807 3701 Artis
817 3635 977 3724 poeticae:
995 3635 1100 3698 «Haec
1109 3654 1222 3698 rursus
1330 3703 1331 3706 Ἴ
1372 3673 1373 3676 =

166 3751 202 3816 in
213 3749 338 3815 aedibus
353 3745 560 3810 Ascensianis
571 3744 629 3809 ubi
643 3765 719 3808 cum
736 3743 856 3809 ceteris
871 3742 1030 3830 operibus
1042 3739 1221 3807 horatianis

166 3858 403 3926 venundantur
414 3855 449 3922 in
462 3853 514 3920 via
525 3853 594 3920 divi
611 3853 729 3918 Jacobi
744 3851 822 3918 etin
835 3852 960 3918 aedibus
971 3837 1111 3922 loannis
1122 3849 1221 3914 Parvi

166 3987 204 4050 ec
216 3963 371 4054 Dionysii
388 3965 497 4042 Roce,
510 3961 600 4028 finita
616 3959 657 4026 ad
674 3960 815 4028 Kalend.
832 3962 955 4028 Octob.
977 3961 1097 4026 MDXI.
1114 3986 1129 4017 »
1149 3955 1219 4024 suh
1266 4005 1269 4014 ,
