2994 4684
588 245 932 318 EDITIOMBUS.
1174 261 1188 284 '
1220 253 1284 326 133

284 382 501 452 omniumr
522 383 577 448 n.
598 387 740 450 noant
758 386 868 474 cropt
892 363 1070 454 carnos
1092 392 1225 478 epona
1246 395 1291 456 aa
1340 353 1356 380 ²

235 497 423 562 Mattianum
433 497 601 583 Lapinnm.
612 497 779 583 Repetitio
788 495 843 562 ed.
859 497 955 576 rtet,
969 497 1011 562 ab
1020 497 1141 564 eodem
1149 515 1280 568 curate.

235 606 338 672 aare
353 629 390 694 p.
402 605 480 684 sss,
496 619 569 672 nn.
589 608 625 682 a.
646 605 759 674 mna.
780 629 814 694 p.
832 607 883 672 n.
903 606 1047 674 nonem
1064 610 1192 674 norant
1209 615 1285 676 tum
1341 589 1344 603 '

235 714 435 779 Semonibus
452 713 583 784 libello·
602 713 692 784 idem
711 717 818 782 forma
833 720 866 794 t,
881 715 990 798 dedit,
1006 741 1205 808 qnanrqnam
1220 743 1284 788 nec

235 823 319 904 loci,
339 845 404 888 nec
423 824 501 916 anni
516 824 686 894 mentione
701 825 787 894 iacta
803 825 884 916 (rid.
897 829 995 896 Derris
1007 829 1124 918 Suppl.
1139 853 1173 917 p.
1189 833 1284 920 568);
1395 855 1402 865 “

199 1015 203 1020 .
236 932 316 998 item
342 932 523 998 Cornu’nnm
548 931 627 1002 libri
648 936 706 1016 tv,
734 956 810 1004 cam
837 933 958 1021 insigni
986 935 1116 1027 Martini
1143 936 1281 1024 Herbip.

236 1043 294 1132 qni
304 1057 436 1110 exstant
450 1043 485 1110 in
500 1043 604 1112 acad.
617 1044 770 1134 Gotting.
791 1043 1008 1116 Bibliotheca.
1023 1045 1169 1114 Affertur
1188 1047 1284 1114 etiam

240 1154 409 1240 ejusdem:

283 1293 323 1374 Q.
338 1293 468 1358 Horatri'
474 1294 586 1360 Flacci
592 1293 809 1385 Epistolawm
819 1295 906 1364 liber
917 1295 1056 1386 primns,
1065 1296 1101 1364 in
1113 1299 1206 1386 cujus
1219 1298 1285 1362 fine

238 1415 303 1466 est:
316 1429 330 1461 ι
344 1402 434 1466 Finit
441 1402 632 1484 foeliciter,»
646 1405 771 1494 absque
781 1406 860 1472 anni
872 1419 906 1474 et
916 1404 983 1472 loci
995 1419 1087 1485 nota,
1098 1403 1157 1470 sed
1168 1403 1284 1472 iisdem

238 1510 368 1575 Hartini
380 1511 521 1600 Herbip.
538 1511 785 1578 characteribus
796 1513 863 1579 ina
878 1513 1068 1602 impressus,
1078 1513 1214 1576 Pontem
1227 1514 1284 1587 lV,

239 1622 314 1699 346,
326 1647 361 1688 n.
374 1624 450 1699 320,
462 1645 533 1712 quse
544 1635 608 1712 pro
620 1623 733 1712 priore
747 1639 841 1712 parte
854 1623 985 1688 alterius
996 1621 1092 1708 hujus
1106 1620 1160 1686 ed.
1173 1621 1284 1707 utique

237 1729 541 1814 hahendaridetnr.
555 1731 740 1825 Cf.lFobric.
751 1732 853 1797 B.lat.
862 1735 889 1809 1,
898 1755 933 1820 p.
943 1733 1020 1808 4073
1031 1733 1288 1820 Ermanraner

117 1870 123 1891 ²
238 1842 395 1910 Druokst.
408 1865 443 1930 p.
458 1841 536 1906 273.

288 1983 370 2064 -Q.
378 1981 504 2044 Horatii
508 1980 617 2044 Flacci
623 1979 755 2044 Carmen
764 1979 909 2044 oculare.
921 1981 960 2042 ln
967 1979 1048 2043 fine:
1063 2006 1077 2036 α
1088 1981 1285 2066 impressum

241 2087 363 2156 esthoc
375 2111 509 2155 carmen
522 2090 669 2154 seculare
678 2089 805 2153 Horatii
818 2087 935 2176 Liptzk
943 2109 1005 2174 per
1011 2084 1285 2150 JacobumThan-
1421 2163 1423 2166 Ι

237 2218 301 2262 ner
312 2196 448 2284 Herbip.
465 2219 495 2260 a.
511 2195 545 2260 d.
560 2196 884 2276 taccccxcvtn,
898 2195 952 2259 die
964 2198 1007 2258 HI
1020 2194 1165 2282 Augusti.
1183 2223 1197 2252 n
1213 2195 1245 2258 4.

280 2310 392 2372 Exstat
405 2305 620 2394 Beuerbergi.
633 2304 709 2372 Vid.
722 2308 761 2371 H
762 2329 897 2396 opsono*
906 2297 965 2370 lib'.
980 2302 1067 2368 laud.
1081 2327 1116 2391 p.
1132 2303 1208 2368 205.

284 2449 380 2514 1499.
402 2449 442 2530 Q.
453 2449 582 2513 Horatii
591 2449 702 2512 Flacci
715 2447 833 2536 Opera,
846 2467 922 2510 cum
939 2459 1117 2510 comment.
1133 2442 1285 2521 Acronis,

238 2559 496 2648 Porphyrionis,
514 2557 652 2624 Landini
671 2573 706 2624 et
721 2556 922 2624 Mancinelli.
938 2555 1083 2622 Venetiis
1102 2567 1211 2620 sumtu
1228 2557 1281 2618 Jo.

238 2668 279 2736 de
294 2669 431 2736 Triclino
448 2668 503 2736 die
517 2673 561 2736 lv
575 2668 787 2747 Novembris,
801 2666 860 2732 fol.

283 2779 413 2846 Orlarad.
425 2803 462 2868 p.
476 2779 535 2856 Ως
549 2778 655 2844 Maio.
671 2799 707 2864 p.
723 2777 800 2842 658.

283 2919 461 2982 -Horotii
469 2919 634 2994 Porrecto,
651 2937 728 2980 cnm
747 2910 955 2980 subtilissima
966 2906 1108 2974 Acronis
1122 2899 1285 2990 interpre-

238 3019 404 3092 tationes.
419 3025 444 3090 l.
462 3028 495 3092 t.

289 3135 393 3200 Maitt.
409 3158 443 3224 p.
459 3137 534 3200 tot.
550 3131 675 3198 Eadem
686 3129 818 3196 videtur
831 3150 907 3193 curn
918 3147 988 3213 aeq.
1001 3150 1010 3190 a

288 3271 466 3338 &mennon
484 3273 615 3338 Horatii
625 3269 790 3363 firmiliora
812 3277 1030 3342 commotam,
1049 3285 1125 3328 cum
1146 3263 1287 3330 Acronis
1348 3329 1352 3340 ,

238 3378 446 3446 subtilissime
463 3379 750 3471 interpretatione.
768 3381 869 3442 Tum:
890 3371 1139 3463 «Epistolarum
1159 3371 1288 3439 Horatii
1427 3449 1439 3460 .

236 3489 395 3556 familiare
407 3506 633 3558 commentum
649 3511 726 3554 cum
740 3486 882 3554 Acronis
899 3482 1108 3550 subtilissima
1125 3482 1288 3569 interpre-

238 3601 375 3667 tatione.
394 3629 409 3660 s
424 3605 463 3666 ln
477 3602 561 3666 fine:
576 3630 591 3661 a
605 3605 807 3688 impressum¹
818 3611 867 3661 est
880 3595 946 3660 hoc
958 3609 992 3660 et
1002 3615 1193 3659 sermonum
1205 3613 1290 3678 opus

237 3731 298 3796 per
310 3711 483 3776 Nicolaum
492 3709 585 3776 Wolf
595 3709 812 3776 Lutriensem.
826 3709 922 3772 Anno
935 3703 1229 3778 necaonem,
1247 3697 1288 3762 ad

239 3817 312 3884 nn
328 3821 511 3900 narso.
534 3801 595 3886 nt.
611 3819 691 3922 nin.
713 3817 787 3886 vn.
810 3819 907 3883 nent
926 3815 1042 3906 suppl.
1068 3837 1101 3900 p.
1121 3813 1196 3875 aas.
1220 3811 1290 3872 rr..

1133 3921 1142 3953 ὖ

1108 3943 1131 4015 9
